3292 5342
780 375 983 452 ..33-

383 581 413 638 p.
430 577 500 632 222,
516 574 534 634 5
553 555 677 632 ἔξαίσιον
697 556 754 640 γάρ
775 581 801 620 ιι
821 558 870 618 καὶ
890 556 1008 620 ἄπιστον
1024 564 1130 640 χρῆμα
1147 565 1287 639 χειμῶνος
1295 558 1316 624 ¹.

285 663 322 722 In
343 643 449 739 quibus
470 661 618 737 exemplis
643 663 941 722 circumlocutionem
962 681 1016 740 per
1031 666 1137 740 χρῆμα
1166 663 1277 721 iactam
1302 663 1365 720 noli
1393 680 1482 738 prae-

285 764 384 840 terire,
416 781 508 840 quam
531 764 556 822 si
577 762 769 822 adhibebant
796 763 988 833 recentiores,
1010 758 1155 836 ἀττικίζειν
1179 764 1236 822 sibi
1263 764 1445 822 videbantur
1455 758 1480 822 2.

285 865 449 923 Praeterea
471 864 626 925 conseras:

383 983 412 1041 p.
430 966 500 1040 228,
517 981 557 1024 20
577 960 670 1044 αὐτήν
695 962 722 1023 δ’
745 960 854 1044 ἄιγατσς
874 959 945 1042 ἔρως
965 959 1082 1042 ἐξέμηνε
1102 969 1152 1024 τοῦ
1175 959 1298 1024 Καύνου

327 1075 358 1124 et
381 1085 410 1143 p.
429 1081 499 1142 231,
517 1083 554 1125 22
577 1062 669 1138 δεινὸς
687 1061 743 1144 γὰρ
765 1058 859 1143 αὐτὴν
882 1059 953 1142 ἔρως
971 1060 1104 1144 ἕξεμήνεν
1125 1061 1173 1124 ἐπὶ
1191 1068 1231 1150 τῷ
1254 1060 1349 1144 πατρί.

385 1185 414 1242 p.
432 1183 501 1241 223,
519 1181 557 1241 25
580 1161 764 1243 πειρώμενος,
786 1161 814 1224 εἰ
834 1160 914 1250 αὐτῷ
933 1161 1108 1242 συμμένειν.
1123 1211 1129 1226 .
1143 1159 1256 1226 ,ἐθέλει

328 1275 359 1324 et
384 1285 414 1343 p.
439 1266 513 1342 236,
541 1283 577 1342 19
605 1263 736 1344 ἐπειρᾶτο
769 1262 817 1349 τῆς
848 1260 1025 1345 Πρόκριδος,
1056 1263 1083 1326 sl
1115 1261 1269 1342 συμμένειν
1300 1312 1307 1327 .
1331 1313 1337 1326 .
1363 1316 1370 1328 ,
1402 1263 1480 1349 σι’τιγῖ

286 1363 438 1446 ἐθελήσαι.

385 1487 415 1546 p.
431 1467 501 1539 216,
517 1485 537 1543 4
559 1463 579 1546 ή
601 1463 633 1529 δὲ
652 1471 688 1551 γῆ
709 1468 839 1526 πλεῖστον
860 1463 957 1539 αὐτοῖς
976 1463 1091 1548 ἐξέφερε
1110 1464 1230 1546 καρπόν.

329 1580 361 1628 et
387 1590 415 1646 p.
431 1586 499 1644 234,
520 1586 530 1626 1
555 1567 604 1628 καὶ
626 1565 723 1640 αὐτοῖς
745 1566 801 1642 (sc.
825 1563 845 1646 ή
866 1565 917 1646 γῆ)
937 1562 1054 1649 ἐξέφερε
1076 1570 1205 1630 πλεῖστον
1225 1566 1344 1647 καρπόν.

386 1671 450 1730 Sed
472 1671 550 1730 haec
569 1671 730 1729 hactenus:
754 1687 790 1728 ex
812 1688 925 1744 magna
947 1671 1037 1747 copia
1061 1672 1121 1730 ista
1142 1672 1294 1730 delibasse
1316 1673 1482 1748 specimina

289 1775 362 1832 satis
393 1769 473 1836 estfl.
516 1773 619 1831 Unum
641 1780 746 1830 tamen
771 1773 811 1829 de
834 1773 1065 1848 repetitionibus
1092 1774 1186 1832 addo.
1232 1774 1380 1849 Exempla
1401 1792 1480 1850 quae

287 1875 409 1952 protuli,
436 1874 499 1932 lere
525 1873 628 1932 omnia
651 1874 694 1931 ita
725 1882 903 1951 comparata
932 1883 1008 1944 sunt,
1037 1882 1072 1932 ut
1092 1875 1280 1932 Antoninum
1302 1876 1399 1950 magis
1421 1893 1483 1932 non

288 1977 423 2052 potuisse
450 1976 566 2034 variare
592 1993 683 2052 quam
712 1975 843 2034 noluisse
864 1975 928 2032 iure
950 1974 1125 2035 efficiamus
1169 1975 1291 2034 Etenim
1314 1977 1345 2032 in
1367 1977 1482 2033 levissi-

288 2077 344 2134 mis
365 2077 548 2153 quibusdam
567 2075 699 2134 minutiis
718 2077 819 2134 omnia
842 2075 905 2134 lere
926 2075 1070 2134 differunt
1092 2077 1280 2154 affluuntque
1297 2059 1482 2136 uariationes

289 2179 385 2236 exiles
407 2187 438 2237 et
458 2178 592 2254 ineptae,
624 2179 728 2253 quales
756 2187 841 2236 sunt:
872 2197 902 2254 p.
926 2193 995 2252 232,
1019 2193 1057 2252 24
1087 2171 1167 2237 λύκοι
1189 2173 1220 2238 δὲ
1243 2173 1430 2258 ὖφήγήσαντσ
1452 2187 1483 2234 et

288 2279 380 2353 paulo
400 2285 473 2353 post
490 2271 546 2337 ἀπὸ
566 2281 622 2338 τῶν
643 2271 891 2356 καθηγησαμένων
912 2273 1023 2348 lr'ntwv3
1046 2298 1075 2354 p.
1094 2295 1163 2358 223,
1184 2279 1222 2337 2⁶
1238 2298 1282 2356 sq.
1300 2279 1482 2355 χλαῖναν...

285 2374 435 2460 χλαμύδα
451 2399 481 2456 p.
495 2396 566 2454 223,
580 2397 615 2454 31
633 2374 719 2457 κρύος
733 2397 803 2437 cum
819 2379 907 2438 luerit
922 2389 1015 2439 antea
1028 2367 1150 2458 κρομός;
1174 2399 1203 2457 p.
1217 2395 1314 2454 232‚3
1335 2373 1421 2456 ἄχαρι
1435 2377 1483 2437 καὶ

289 2479 422 2559 ἄθεσμον
434 2475 526 2558 ἔργον,
548 2483 605 2540 sed
620 2500 645 2542 v.
664 2498 699 2538 12
716 2474 753 2538 δι’
775 2473 859 2558 ἔργον
872 2476 1045 2557 &dipteron
1068 2483 1138 2540 vide
1153 2499 1276 2559 quoque
1291 2501 1320 2558 p.
1336 2497 1405 2558 210,
1420 2497 1435 2536 2
1453 2488 1483 2537 et

295 2601 345 2658 1²3
365 2599 434 2660 219,
448 2598 483 2640 21
503 2591 534 2640 et
547 2597 583 2655 ²3
592 2598 600 2652 ;
620 2577 699 2638 alia*
713 2599 794 2658 quae
809 2599 987 2640 enumerare
1003 2583 1125 2658 longum
1140 2593 1197 2642 est.
1224 2582 1484 2658 Quandoquidem

293 2702 364 2743 vero
387 2684 439 2742 ubi
461 2683 503 2742 ad
524 2683 679 2741 interitum
702 2683 798 2759 vergit
819 2683 930 2758 lingua,
954 2685 1114 2743 verborum
1143 2683 1233 2760 copia
1255 2684 1352 2759 magis
1372 2683 1484 2758 magis-

292 2803 351 2862 que
373 2793 577 2845 evanescente
599 2785 662 2842 fieri
683 2803 747 2842 non
775 2792 888 2861 potest,
911 2783 985 2861 quin
1006 2784 1167 2860 praecipue
1189 2784 1429 2860 praepositiones
1453 2793 1485 2840 et

291 2885 458 2964 particulae
479 2903 603 2962 pessum
625 2893 707 2959 eant,
721 2902 783 2944 non
805 2885 870 2944 sine
891 2893 1048 2943 momento
1067 2903 1137 2944 esse
1150 2885 1280 2960 videtur,
1303 2887 1387 2961 quod
1401 2886 1485 2961 apud

292 2987 481 3046 Antoninum
511 2995 545 3046 ut
571 2987 699 3046 rariores
721 2987 845 3046 voculas
868 2987 1017 3064 omittam,
1049 2983 1129 3045 ἀνὰὖ
1151 2996 1182 3046 et
1202 2983 1305 3066 ἀμφὶθ
1330 2986 1485 3064 praeposi·

293 3089 392 3148 tiones
413 3088 506 3164 plane
531 3087 653 3160 desunt,
683 3105 809 3164 quarum
833 3087 975 3146 notiones
996 3082 1078 3162 κατά,
1102 3075 1191 3165 παρά,
1220 3086 1286 3166 περὶ
1307 3088 1484 3146 induerunt:

292 3189 394 3247 Dubia
420 3197 525 3249 autem
550 3197 599 3247 est
619 3183 651 3267 γὲ
677 3187 824 3264 particula
851 3184 904 3264 (cf.
927 3205 957 3263 p.
982 3187 1020 3245 28
1043 3182 1139 3266 diss),
1168 3196 1277 3265 utpote
1310 3206 1390 3264 quae
1424 3206 1486 3246 uno

293 3291 360 3350 loco
382 3291 434 3366 qui
458 3291 551 3350 etiam
572 3289 633 3348 alio
655 3288 778 3348 nomine
800 3297 962 3365 suspectus
985 3288 1033 3361 sit,
1055 3285 1258 3350 inveniatur⁷.

296 3417 495 3428 ——.--—

393 3479 403 3520 ¹
421 3485 493 3536 Vide
512 3484 591 3536 Dion.
609 3483 671 3536 Hal.
690 3487 725 3535 A.
744 3483 779 3534 R.
798 3483 848 3545 111,
864 3494 898 3547 70
916 3473 1028 3549 βότρυος
1048 3473 1167 3534 ἄπιστόν
1185 3499 1209 3532 ιι
1225 3480 1321 3550 χρήμα
1344 3486 1370 3531 et
1387 3479 1487 3531 Athen.

295 3574 357 3639 vn,
373 3571 423 3624 188
441 3563 475 3637 ήν
491 3571 538 3624 τοῦ
553 3571 692 3642 χειμῶνος
707 3569 804 3640 χρῆμα
821 3563 969 3639 ιἰφόρήτον.

392 3657 507 3712 2Attici
530 3661 599 3712 hauc
622 3660 783 3711 locutionem
801 3659 914 3709 Ionibus
935 3657 1091 3718 debuerunt;
1120 3659 1153 3709 ci.
1179 3657 1250 3710 Poll.
1266 3658 1319 3718 tx,
1339 3659 1382 3721 87.
1414 3659 1488 3708 Inter

295 3751 450 3800 recentiores
469 3751 608 3816 praecipue
621 3749 753 3800 Lucienus
772 3747 902 3798 adhibuit.

395 3835 406 3872 ³
423 3838 549 3889 Consulto
569 3853 613 3888 eas
626 3837 731 3901 neglexi
743 3837 912 3903 repetitiones
931 3852 997 3903 quae
1014 3836 1041 3886 in
1056 3837 1147 3886 eadem
1159 3835 1297 3887 historiola
1310 3835 1489 3902 inveniuntur,

296 3928 390 3994 quippe
409 3944 471 3994 quas
490 3943 566 3978 nemo
585 3925 667 3994 primo
686 3926 780 3976 obtutu
799 3941 852 3975 non
870 3925 967 3976 videat.

393 4011 463 4067 ‘CL
485 4031 507 4067 e.
530 4031 555 4080 g.
575 4014 702 4066 formulas
720 4016 818 4082 ἵναπερ
838 4006 953 4078 εἱστήκει
970 4030 995 4080 p.
1014 4024 1073 4079 205,
1090 4013 1135 4072 18;
1156 4025 1215 4076 223,
1231 4025 1262 4080 25
1283 4005 1430 4080 etidcirco
1455 4015 1489 4064 εἱ-

297 4099 387 4170 στήκει
411 4121 436 4172 p.
460 4115 518 4167 233,
540 4105 583 4165 16;
614 4115 675 4170 235,
698 4115 744 4166 14;
773 4115 833 4168 231,
853 4113 895 4168 25.
931 4102 1064 4168 Imprimis
1087 4101 1202 4152 abutitur
1227 4101 1379 4152 Antoninus
1407 4102 1489 4152 verbo

296 4187 429 4262 ἀπήγειν;
451 4192 484 4245 cs.
504 4207 526 4245 e.
546 4209 572 4257 g.
588 4209 614 4260 p.
628 4203 689 4257 213,
704 4203 719 4241 2
737 4207 795 4258 sqq.
821 4181 959 4258 ἀπήνεγκε
970 4225 976 4241 .
988 4225 995 4240 .
1005 4183 1185 4258 ἀπενεγκεῖν,
1196 4228 1202 4244 .
1213 4183 1376 4258 ἀπενεγκεῖν
1387 4229 1392 4242 .
1403 4229 1410 4242 .
1421 4182 1489 4254 ἀπή-

296 4297 392 4352 νεγκεν
403 4321 409 4334 ,
420 4275 592 4348 .ἀπαγαγεῖν
602 4321 608 4334 .
620 4319 625 4332 .
636 4273 788 4348 ἂπήγιιγεν.

400 4367 469 4420 ⁵Cf.
488 4370 589 4421 Krebs.
607 4369 732 4434 Praepos.
751 4368 796 4418 bei
816 4367 910 4434 Polyb.
930 4385 956 4435 p.
970 4377 1003 4431 33
1024 4383 1084 4416 ιιιιιι.
1104 4380 1129 4429 4.

396 4455 408 4492 ⁰
425 4459 463 4512 Cf.
480 4459 546 4511 ibid.
562 4475 587 4524 p.
598 4457 632 4521 98
654 4471 753 4520 ann.4;
773 4457 846 4507 deest
864 4450 940 4526 ἀμφὶ
959 4457 1036 4523 plane
1054 4457 1105 4506 iam
1124 4457 1194 4522 apud
1207 4457 1389 4513 Aristotelem,
1402 4453 1488 4506 Theo·

296 4549 438 4615 phrastum,
467 4545 617 4614 Polybium.
654 4547 754 4597 Redire
774 4561 831 4596 eam
850 4553 938 4595 tamen
957 4545 1026 4611 apud
1044 4543 1216 4594 Parthenium
1234 4545 1301 4604 vidi;
1322 4541 1427 4607 legitur
1450 4544 1489 4594 ibi

298 4644 388 4704 quater
406 4634 443 4703 (p.
460 4636 519 4702 158,
536 4647 580 4698 133
603 4637 659 4698 163,
676 4645 705 4700 1;
728 4635 785 4698 163,
797 4634 843 4709 28;
866 4636 955 4698 171,b
975 4633 1015 4685 ed.
1028 4631 1132 4698 west).

396 4721 406 4759 7
424 4726 466 4775 De
484 4723 517 4793 γὲ
536 4723 676 4791 particulae
688 4723 757 4789 apud
775 4722 930 4788 posteriores
949 4737 999 4772 usu
1016 4721 1080 4771 alibi
1098 4735 1180 4783 agam.
