3292 5342
774 351 983 414 ..16-

283 537 449 598 derivatam
480 536 658 598 invenimus.
703 538 815 598 Forma
847 545 950 598 autem
981 538 1128 598 feminina
1153 541 1185 598 in
1216 559 1278 618 qua
1305 542 1489 602 Schneider

283 639 417 709 offendit,
432 639 545 698 nullam
567 637 691 696 exhibet
706 639 926 708 difficultatem,
949 639 974 698 si
992 619 1203 716 comparamus
1220 643 1388 702 consimilia
1403 639 1489 721 ιῖμε·

282 737 382 820 τρήτα,
403 726 535 819 «lavim,
558 733 693 814 ἀκλύστα,
715 725 875 818 οἶταυρδπης
899 740 938 800 ci.
960 740 1106 800 Lobeckii
1130 745 1172 802 ad
1193 744 1287 820 Soph.
1306 746 1392 804 Aiac.
1416 759 1488 822 175

284 843 516 902 annotationem
538 850 570 900 et
591 841 730 900 eiusdem
750 842 1001 917 paralipomenon
1024 861 1055 918 p.
1071 857 1131 918 455
1154 862 1219 921 sqq.
1261 846 1407 905 Fortasse
1431 854 1486 904 et·

282 948 343 1006 iam
364 963 428 1002 uon
450 945 516 1002 sine
537 949 695 1003 momento
718 950 774 1012 est,
801 944 886 1020 quod
908 944 992 1018 apud
1014 943 1202 1003 Antoninum
1222 962 1339 1024 p.2o7‚
1360 963 1397 1021 14
1428 943 1484 1005 αἰ-

283 1043 350 1107 σίον
370 1045 552 1104 rarissimam
567 1044 696 1102 sormam
717 1062 753 1103 ex
774 1043 873 1120 poetis
896 1045 1111 1122 depromptam
1133 1047 1269 1122 legimus.
1301 1049 1487 1107 Absurdum

284 1165 355 1206 vero
378 1145 553 1205 Schneideri
577 1153 782 1204 commentum
804 1145 850 1202 vel
873 1145 913 1203 ob
935 1162 1003 1203 eam
1025 1163 1150 1206 causam
1171 1156 1229 1226 est,
1254 1149 1339 1224 quod
1361 1149 1487 1207 diserte

284 1267 304 1308 a
325 1247 472 1322 scriptore
494 1241 574 1322 παρὰ
593 1247 650 1317 τοῖς
668 1239 814 1323 ἐγχωρίοις
834 1245 965 1306 additur.
998 1245 1140 1324 Denique
1162 1256 1194 1306 et
1219 1250 1296 1307 ordo
1318 1249 1484 1308 nominum

284 1346 429 1422 refragari
456 1347 576 1404 videtur
597 1345 639 1402 illi
660 1345 863 1406 immutationi
876 1339 897 1415 ¹,
931 1353 962 1404 et
984 1346 1144 1406 articulum
1166 1349 1421 1420 desideraremus,
1454 1349 1485 1407 si

284 1456 368 1508 recte
390 1445 536 1506 Nicandri
558 1446 659 1504 editor
679 1445 861 1504 coniecisset
871 1450 893 1506 2.
1489 1503 1491 1510 ,

174 1563 227 1616 sab.
240 1575 272 1626 ¹4
384 1567 413 1626 p.
434 1561 504 1622 215,
524 1561 558 1621 17
582 1547 681 1604 codex
704 1546 828 1604 exhibet
848 1543 923 1618 Ζοδς
944 1544 971 1607 δ’
992 1543 1028 1607 οὗ
1049 1543 1174 1625 περιΐδεν
1194 1546 1298 1623 αὖτοὺς
1313 1597 1320 1612 .
1338 1595 1344 1612 .
1362 1595 1369 1611 .
1386 1551 1485 1610 τελευ-

284 1641 426 1730 τήσαντας
446 1649 503 1711 κτλ.
543 1639 619 1706 ‘Vel
641 1647 790 1708 tironibus
812 1635 1073 1708 animadversum'
1100 1650 1142 1708 ait
1163 1650 1351 1728 verheykius
1371 1645 1483 1711 ‘relev-

284 1747 422 1831 τήσοντας
440 1750 654 1827 reponendum
669 1745 763 1808 esse‘.
795 1750 903 1810 Lectio
926 1750 1038 1808 tradita
1053 1752 1209 1810 mordicus
1231 1748 1392 1812 tenenda³
1414 1761 1481 1821 est;

286 1853 323 1916 ci.
337 1872 367 1930 p.
379 1867 450 1928 209,
463 1865 480 1925 5
496 1845 589 1910 δεινὸν
601 1844 757 1928 ἐποιήσατο
770 1896 777 1910 .
790 1893 796 1910 .
810 1895 817 1909 .
832 1847 966 1928 περιιδεῖν
980 1847 1098 1928 οἰκτρῶς
1110 1843 1300 1930 ἀναιρεθέντα
1314 1849 1362 1912 τδν
1377 1850 1483 1912 παῖδα.

383 1969 412 2031 p.
426 1966 497 2027 215,
509 1965 547 2025 25
560 1968 604 2026 sq.
627 1967 708 2028 quae
726 1951 767 2008 de
788 1959 899 2010 natura
914 1946 992 2009 πιπὼ
1013 1952 1077 2010 avis
1102 1971 1157 2028 pro
1169 1953 1384 2012 Antoninianis
1406 1971 1482 2011 ven-

286 2055 430 2124 ditantur,
452 2071 491 2112 ea
508 2069 576 2110 curn
590 2051 691 2128 apuria
712 2069 781 2110 esse
802 2051 945 2124 iudicem,
961 2053 1077 2112 codicis
1098 2054 1229 2112 lectione
1251 2063 1395 2112 accurate
1417 2072 1483 2113 ser·

285 2163 356 2216 vata
370 2169 537 2232 apponam:
563 2147 583 2230 ἡ
605 2147 637 2212 δὲ
649 2147 745 2232 μήτηρ
765 2147 860 2212 αὐτῶν
879 2147 990 2231 ἐγένετο
1003 2143 1177 2234 κνιπρλδγσς.
1203 2149 1294 2213 πιπώ·
1317 2151 1390 2233 πρὸς
1410 2150 1483 2214 ταδ-

284 2277 333 2334 την
352 2251 427 2340 δστῳ
449 2248 574 2332 πόλεμός
596 2248 652 2312 ἐστι
680 2251 729 2312 καὶ
756 2247 881 2336 ἐρῳδιῴ·
903 2247 1057 2331 κατάγνυσι
1077 2249 1133 2333 γὰρ
1155 2250 1253 2314 αὐτῶν
1274 2251 1307 2314 τὰ
1328 2241 1390 2338 pini·
1413 2250 1481 2333 (ac-

285 2365 392 2416 centus
418 2356 450 2414 in
476 2372 581 2413 rasura
607 2353 725 2430 pusilla)
746 2348 891 2412 κόπτουσα
910 2349 957 2412 τὸν
979 2349 1050 2431 (sicl
1074 2355 1131 2412 sed
1152 2374 1168 2413 o
1189 2355 1221 2414 in
1243 2350 1315 2432 ras.)
1338 2352 1411 2433 δρῦν
1430 2351 1479 2414 διὰ

285 2454 349 2530 τοὺς
373 2452 484 2528 κνίπας.
527 2455 629 2514 Etiam
657 2455 734 2512 vitiis
759 2453 920 2513 levioribus
950 2472 1030 2531 quae
1057 2456 1169 2533 insunt,
1202 2456 1295 2515 verba
1316 2457 1348 2514 in
1369 2457 1481 2514 codice

286 2559 469 2618 nitidissime
497 2565 623 2616 exarato
650 2557 753 2632 aliqua
781 2573 819 2614 ex
845 2563 932 2632 parte
955 2563 1100 2631 suspecta
1122 2555 1214 2631 fiunt;
1243 2557 1380 2616 librarius
1408 2574 1482 2616 vero

284 2656 363 2719 πιπδι
388 2659 597 2718 inducendum
627 2673 697 2714 esse
726 2655 894 2732 significare
928 2656 1062 2714 voluisse
1093 2657 1226 2718 videtur:
1265 2665 1297 2716 et
1325 2665 1373 2716 est
1403 2675 1479 2716 sane

222 2788 225 2799 ν
265 2759 413 2832 ¹offensio
451 2759 537 2818 haud
574 2758 701 2833 exigua,
739 2758 825 2833 quod
865 2763 1026 2832 utrumque
1062 2775 1177 2816 nomen
1218 2757 1395 2833 copulatum
1431 2764 1480 2814 est

186 2849 192 2869 ¹
240 2894 244 2903 ·
285 2857 357 2940 (nisi
377 2854 545 2940 κνιπολδγος
564 2858 718 2917 adiectivo
745 2875 838 2917 sensu
863 2866 1043 2934 usurpatum
1067 2874 1138 2916 esse
1163 2856 1294 2934 statuis),
1326 2876 1398 2916 nam
1420 2858 1480 2916 alia

184 2987 187 2996 v
285 2941 349 3020 ariis
375 2955 461 3032 πιπώ,
480 2960 539 3018 alia
563 2954 731 3037 κνιπαλόγος
751 2958 887 3035 quamvis
915 2957 1079 3018 consimilis
1104 2967 1152 3018 est
1180 2952 1283 3037 (Arist.
1303 2958 1331 3021 h.
1348 2977 1376 3018 a.
1393 2958 1447 3027 IX,
1465 2974 1475 3015 1

196 3112 200 3122 ,
285 3082 314 3140 p.
334 3079 394 3138 593
417 3079 436 3121 a
459 3057 554 3138 Bel).
587 3063 707 3142 ¹Itaque
730 3061 881 3137 glossator
903 3061 1031 3119 alterum
1053 3079 1108 3137 per
1130 3061 1260 3120 alterum
1281 3059 1480 3137 explicavisse

286 3164 460 3224 censendus
483 3170 544 3233 est;
577 3179 789 3238 quaecumque
813 3179 884 3220 vero
908 3163 949 3222 de
970 3169 1079 3220 natura
1104 3161 1256 3220 bestiolae
1279 3162 1404 3237 cognita
1424 3160 1481 3219 ha·

285 3265 388 3338 bebat,
411 3263 496 3340 larga
515 3281 607 3322 manu
629 3263 751 3322 addidit
773 3262 814 3321 nil
838 3271 972 3322 moratus
995 3263 1080 3338 quod
1102 3263 1223 3338 aquilae
1237 3270 1270 3320 et
1283 3263 1397 3321 ardeae
1418 3261 1482 3319 avi·

285 3365 341 3424 bus
368 3358 453 3442 (nuru
481 3363 607 3424 fortuita
633 3372 680 3422 est
704 3365 817 3422 ardeae
845 3363 876 3421 in
904 3364 1086 3422 emblemate
1108 3381 1232 3440 prorsus
1254 3363 1343 3422 simili
1364 3364 1395 3422 in
1418 3363 1481 3422 fab.

285 3465 414 3542 septima
437 3460 583 3542 meutioil
606 3464 638 3523 in
659 3473 763 3524 nostra
777 3465 952 3526 narratione
974 3467 1060 3525 locus
1075 3466 1180 3542 utique
1202 3465 1301 3524 nullus
1323 3466 1481 3541 estquod

260 3561 433 3646 κατάγνυσι
467 3562 502 3624 τὰ
533 3561 577 3651 ple
606 3575 639 3624 et
670 3561 813 3627 κόπτουσα
843 3563 897 3644 τὴν
919 3564 991 3643 δρῦν
1012 3567 1104 3643 plane
1128 3567 1249 3624 diversa
1274 3573 1345 3624 sunt
1354 3561 1376 3636 4,
1399 3583 1480 3641 quae

114 3716 118 3724 .
285 3661 442 3738 ἀσυνδέτους
467 3667 656 3728 continentia
684 3668 820 3745 quisquis
850 3669 942 3744 leget,
976 3668 1125 3727 artissime
1151 3668 1230 3726 inter
1258 3683 1292 3726 se
1313 3666 1481 3726 cohaerere

384 3888 394 3928 ¹
413 3890 491 3956 Quod
508 3890 655 3943 Schneider
673 3907 746 3942 suam
764 3890 906 3943 lectionem
925 3907 958 3943 eo
974 3891 1151 3942 commendari
1168 3889 1240 3950 dicit,
1260 3889 1332 3956 quod
1347 3889 1423 3940 metri
1436 3905 1479 3940 ve·

286 3979 363 4044 stigia
379 3987 472 4041 servet,
491 3981 563 4032 idem
581 3980 615 4030 ad
633 3980 754 4030 traditam
773 3980 926 4047 scripturam
944 3979 1024 4040 valet;
1042 3981 1154 4031 sortasse
1162 3978 1297 4030 Nicander
1310 3978 1348 4028 sic
1360 3979 1477 4044 scripsit:

483 4067 623 4122 ’Λαπαλὶν
642 4060 693 4136 <iis
711 4065 871 4136 καλέουσιν>
886 4059 1055 4138 Ἀμειλὴιην
1071 4064 1235 4136 Ἑκαέργην.

383 4152 396 4192 2
413 4159 600 4224 Exspectarem
618 4154 634 4222 ἡ
655 4155 686 4210 ἐν
698 4159 803 4230 Μελίτῃ
820 4153 960 4216 ’Adnuite
977 4155 1093 4226 ἑκαέργη
1112 4157 1154 4208 vel
1171 4152 1188 4222 ἦ
1204 4152 1345 4216 ’Λσπαλὶς
1363 4155 1479 4226 ἑκαέργη

284 4241 301 4312 ἡ
320 4243 351 4299 ἓν
368 4246 484 4318 Μελίτῃ.

384 4329 396 4368 ⁸
414 4334 547 4386 Videlicet
556 4341 660 4401 praeter
671 4331 803 4404 nepr‘illsr,
816 4334 888 4400 quod
901 4334 1013 4400 proclivi
1022 4335 1226 4401 Byzantinorum
1239 4349 1327 4385 errore
1338 4339 1478 4396 augmento

286 4421 406 4472 orbatum
425 4430 478 4483 est;
496 4423 568 4474 idem
580 4423 614 4474 ad
632 4423 757 4489 simplicis
776 4422 849 4472 verbi
867 4421 975 4473 formam
990 4421 1049 4476 ἴδεν
1066 4423 1143 4484 valet,
1163 4439 1229 4490 quae
1247 4437 1384 4489 perperam
1398 4421 1476 4471 etiam

287 4509 484 4562 aSchneidero
503 4517 603 4562 retenta
620 4517 672 4571 est;
693 4511 727 4563 cs.
745 4527 771 4577 p.
788 4520 820 4575 35
840 4510 917 4563 infra.

383 4595 397 4633 ⁴
414 4599 527 4652 Aristot.
544 4599 562 4654 l.
574 4615 596 4652 o.
613 4600 667 4660 1x,
682 4599 713 4649 18
726 4596 764 4668 (p.
777 4601 852 4664 617a
865 4598 893 4667 3)
913 4599 947 4648 de
965 4599 1045 4650 ardea
1061 4602 1142 4652 τίκτει
1163 4598 1210 4652 lul
1227 4596 1282 4650 τῶν
1294 4595 1426 4666 δένδρων,
1444 4597 1479 4646 de

286 4688 382 4758 aquilis
401 4689 436 4741 ci.
454 4690 507 4750 IX,
521 4699 554 4754 32
575 4685 612 4756 (p.
631 4686 777 4756 618b18).
796 4720 798 4724 -
