3292 5342
766 327 975 404 *⁶48*

274 517 367 597 philo.
410 511 502 574 Cuius
529 513 620 573 libros
653 514 819 573 scholiasta
851 515 966 574 utinam
993 533 1062 573 cum
1089 518 1199 575 eadem
1222 517 1406 592 inspexisset
1427 517 1476 576 in·

274 622 399 696 dustria,
422 637 483 695 qua
502 633 574 674 usus
599 616 640 673 ad
661 631 775 673 nonam
790 616 947 673 annotavit
960 615 1115 674 Parthenii
1142 617 1291 675 fabulam:
1317 613 1336 694 ἦ
1358 611 1476 695 ἱστορία

213 764 215 777 .
275 715 345 800 oiim
370 715 491 800 ἐλήφθη
518 712 551 775 ἐκ
577 717 628 793 τῆς
652 714 681 772 α’
701 711 877 793 Ἀνδρίοκου
901 713 1070 787 Ναξιακῶν·
1099 713 1203 797 γράψει
1226 717 1290 796 περὶ
1312 713 1402 798 αὐτῆς
1423 719 1477 778 καῖ

278 819 462 902 Θεόφρασιυς
482 815 514 879 ἒν
535 821 575 903 τῷ
596 809 623 874 δ’
644 815 701 874 τῶν
723 813 794 892 πρὸς
814 813 878 887 τούς
897 813 1024 894 καιρούς.
1057 817 1146 889 Quae
1169 820 1261 876 verba
1283 820 1380 878 acrius
1403 839 1475 896 per-

275 923 482 1000 pendentibus
512 919 602 978 nobis
625 917 741 993 aliquid
762 919 820 974 nisi
843 919 940 988 fallor,
965 920 1006 976 de
1029 918 1178 995 Pamphili
1199 929 1286 994 prato
1309 922 1475 979 addiscere

274 1025 355 1086 licet.
388 1021 541 1080 Parthenii
566 1019 698 1077 fabulam
720 1018 934 1094 depromptam
950 1036 1018 1076 esse
1034 1037 1072 1075 ex
1085 1020 1228 1079 Andrisci
1249 1039 1348 1078 rerum
1359 1019 1475 1079 Naxia-

275 1143 378 1184 carum
404 1124 479 1181 libro
506 1111 612 1197 priiu0,
648 1137 738 1195 quem
766 1128 849 1176 certe
874 1119 941 1193 ipse
967 1136 1134 1195 numquam
1155 1122 1284 1188 viderat,
1307 1121 1474 1180 scholiasta

276 1242 451 1285 asseverare
473 1241 536 1279 non
558 1221 667 1298 potuit,
688 1220 747 1277 nisi
769 1237 786 1275 e
808 1219 957 1294 Pamphili
980 1222 1197 1296 compilatione
1213 1223 1355 1281 Andrisci
1376 1223 1473 1280 histo-

274 1327 381 1385 riolam
404 1331 600 1398 cognoverat.
645 1321 871 1378 Alexandrinus
894 1321 982 1396 igitur
1008 1323 1225 1396 grammaticus
1250 1323 1389 1381 Andrisci
1410 1324 1473 1380 hoc

275 1429 344 1485 loco
359 1425 502 1484 insistens
518 1421 652 1497 vestigiis
674 1423 714 1478 de
726 1421 875 1498 Polycrita
897 1421 1049 1479 rettulisse
1071 1425 1245 1482 censendus
1268 1433 1316 1480 est
1328 1419 1349 1481 ¹.
1373 1424 1472 1482 Multo

276 1546 346 1585 vero
368 1525 540 1602 generalius
567 1525 607 1582 de
630 1522 846 1599 Theophrasto
869 1524 979 1581 dicitur
998 1512 1103 1602 γράφει
1126 1523 1191 1601 περὶ
1213 1521 1303 1602 αὐτῆς
1323 1523 1373 1582 καὶ
1395 1520 1473 1584 Θεό-

274 1648 399 1708 φραστος
418 1627 474 1688 κτλ.
519 1625 621 1684 Etiam
641 1625 691 1682 hic
713 1623 901 1700 Pamphilum
922 1625 1018 1683 multo
1045 1625 1220 1700 diligentius
1242 1627 1344 1700 egisse
1366 1644 1473 1684 cense-

274 1732 384 1799 bimus,
409 1731 461 1807 qui
484 1727 594 1787 sedulo
617 1727 710 1784 etiam
732 1726 764 1783 in
786 1725 950 1783 notissimis
972 1725 1081 1784 fabulis
1104 1727 1290 1802 singulorum
1312 1737 1473 1786 auctorum

274 1831 496 1908 discrepantias
508 1846 615 1887 omnes
629 1827 806 1886 distinxerit.
830 1825 930 1898 Quem
947 1835 1071 1884 secutus
1084 1828 1245 1886 scholiasta
1256 1829 1342 1886 alteri
1354 1831 1474 1888 auctori

275 1932 429 1992 Parthenii
447 1933 487 1988 de
500 1931 637 2008 Byblida,
654 1929 739 1987 alteri
751 1929 898 1987 Antonini
912 1931 953 1986 de
974 1931 1085 1988 eadem
1107 1929 1293 1988 historiolam
1318 1932 1473 2007 assignare

274 2029 441 2109 potuerit².
473 2030 557 2103 Quid
579 2029 664 2106 quod
687 2030 795 2088 adeas
818 2030 925 2104 quibus
940 2029 1042 2087 nullae
1064 2031 1160 2106 magis
1176 2031 1215 2088 ab
1238 2032 1373 2088 omnium
1395 2041 1472 2089 tem-

273 2151 381 2208 porum
396 2132 496 2209 poetis
519 2130 732 2205 frequentatae
755 2138 827 2188 sunt
852 2129 979 2204 fabulas,
1003 2131 1045 2188 ad
1066 2147 1121 2188 eas
1144 2147 1219 2205 quas
1232 2132 1405 2190 Antoninus
1429 2133 1470 2189 de

274 2233 430 2310 Meleagro
453 2239 486 2290 et
497 2231 655 2308 Iphigenia
679 2231 813 2306 tradidit,
829 2230 994 2290 scholiasta
1006 2231 1195 2307 Pamphilum
1218 2239 1341 2289 secutus
1363 2234 1472 2290 ceteris

275 2336 414 2394 omnibus
438 2333 558 2392 omissis
582 2332 779 2406 scriptoribus
803 2332 855 2408 qui
876 2333 972 2390 multo
994 2333 1142 2390 maiorem
1168 2333 1275 2408 adepti
1296 2341 1384 2391 erant
1406 2334 1473 2407 glo-

274 2437 357 2510 riam,
391 2453 486 2492 unum
516 2431 706 2490 Nicandrum
737 2441 771 2490 ut
797 2441 952 2490 auctorem
980 2429 1141 2508 ascripsit?
1174 2431 1265 2490 Unde
1289 2433 1473 2492 scholiastae

274 2536 456 2594 testimoniis
477 2552 581 2594 nonne
602 2535 750 2594 accrescit
772 2530 867 2592 fides?

373 2637 438 2696 Iam
467 2655 505 2694 eo
532 2638 615 2694 unde
637 2636 721 2694 initio
744 2635 873 2711 profecti
895 2653 1008 2714 sumus,
1030 2636 1178 2712 paulatim
1200 2636 1386 2705 revertimus
1416 2638 1475 2694 sed

273 2739 332 2796 nisi
365 2740 443 2797 sorte
476 2747 546 2796 acta
576 2737 679 2797 adhuc
707 2739 835 2814 egimus,
864 2739 957 2813 paulo
993 2738 1100 2796 melius
1135 2739 1266 2796 accincti
1302 2741 1343 2796 ad
1380 2756 1474 2814 quae-

275 2840 405 2897 stionem
437 2840 477 2895 de
504 2838 637 2897 fontibus
668 2839 895 2896 Antoninianae
929 2839 1115 2896 collectionis
1150 2857 1242 2914 supra
1273 2841 1473 2915 propositam.

273 2941 377 3016 Atque
410 2939 442 2996 in
472 2941 508 2997 iis
542 2941 651 3016 quibus
685 2941 844 3016 singularis
878 2941 964 2998 testis
1001 2941 1126 2999 additus
1164 2950 1211 2998 est
1246 2941 1473 3000 narrationibus

273 3041 378 3100 nescio
406 3059 447 3098 an
478 3059 570 3098 nemo
602 3059 666 3098 nou
698 3060 778 3099 nunc
806 3050 943 3100 nostram
976 3043 1015 3098 de
1045 3060 1118 3100 vero
1151 3050 1278 3100 auctore
1315 3049 1474 3099 secuturus

259 3139 313 3201 'sit
340 3141 532 3202 sententiam.
576 3141 690 3200 Verum
720 3144 762 3200 ad
794 3143 966 3201 historiolae
995 3145 1105 3201 multas
1139 3143 1308 3219 complures
1343 3143 1476 3200 afferun-

273 3255 322 3303 tur
351 3255 504 3317 auctoreS,
529 3244 571 3302 ad
595 3245 757 3303 nonnullas
779 3253 814 3303 ut
837 3245 1043 3321 exposuimus,
1069 3245 1168 3302 nullus
1191 3246 1325 3305 omnino,
1370 3241 1477 3314 Quae-

274 3348 347 3406 ritur
372 3365 456 3422 erg0,
492 3364 566 3404 num
597 3347 638 3404 ibi
664 3365 757 3404 unum
783 3355 941 3404 auctorem
964 3364 1154 3422 praeponere
1175 3347 1285 3404 ceteris
1310 3345 1408 3420 liceat,
1443 3353 1478 3402 et

274 3468 335 3526 quo
366 3450 430 3508 iure
462 3448 581 3506 fabulas
613 3442 786 3520 ἀδεσπότους
815 3449 904 3507 certis
931 3449 1031 3524 poetis
1059 3467 1129 3506 cum
1157 3449 1263 3523 specie
1285 3448 1387 3523 aliqua
1410 3449 1477 3505 veri

275 3553 429 3610 vindicare
453 3551 614 3625 possimus
659 3549 844 3626 Quicunque
874 3551 1051 3608 testimonia
1074 3550 1283 3608 Antoniniana
1309 3567 1379 3606 cum
1402 3548 1476 3605 Par-

275 3650 426 3709 thenianis
449 3651 668 3726 comparaverit
690 3658 724 3708 ut
747 3668 765 3706 a
786 3670 819 3709 re
838 3653 992 3710 ordiamur
1013 3652 1155 3724 generali,
1186 3669 1343 3709 numerum
1365 3660 1476 3708 aucto·

274 3771 340 3810 rurn
363 3760 395 3820 et
417 3751 646 3826 inscriptionum
676 3752 701 3809 si
728 3752 878 3827 respiciet,
911 3751 1030 3828 insigne
1053 3753 1133 3810 inter
1154 3761 1283 3827 utraque
1309 3752 1476 3809 discrimen

274 3851 504 3928 deprehendet:
530 3853 739 3928 producuntur
761 3852 792 3909 in
814 3853 994 3910 Nicaeensis
1018 3861 1132 3928 poetae
1155 3853 1335 3912 collectione
1359 3853 1474 3912 fabula-

274 3948 365 4010 rum8
387 3953 492 4030 viginti
515 3963 633 4030 septem
661 3955 821 4030 scriptores
845 3962 876 4012 et
899 3954 977 4012 tituli
999 3955 1106 4029 viginti
1129 3956 1201 4030 duo,
1232 3956 1263 4012 in
1284 3955 1386 4014 libello
1409 3956 1475 4013 An·

372 4174 383 4214 ¹
401 4177 536 4229 Parthenii
555 4177 679 4228 libellum
699 4187 727 4229 ut
743 4178 841 4229 fontem
861 4180 1045 4230 secundarium
1066 4188 1092 4231 et
1111 4179 1187 4230 valde
1206 4181 1339 4232 turbatum
1361 4199 1377 4231 a
1396 4183 1474 4230 Pam·

273 4265 349 4332 philo
367 4282 422 4316 uon
440 4272 589 4332 respectum
608 4281 668 4316 esse
687 4268 815 4319 existimo.
853 4269 885 4317 Id
904 4269 977 4334 quod
996 4269 1025 4318 in
1044 4270 1133 4320 sontes
1153 4270 1297 4335 inquirenti
1315 4269 1473 4319 Nicaeensis

273 4353 453 4420 compilatoris
470 4355 614 4406 tenendum
633 4355 691 4407 erit.

372 4437 442 4496 ²Cf.
462 4459 487 4508 p.
507 4456 542 4506 44
562 4443 629 4495 diss.
1085 4508 1087 4515 Ι

374 4525 488 4582 8Omisi
507 4537 639 4581 auctorum
660 4533 767 4582 nomina
782 4534 933 4599 praeposita
952 4535 1104 4598 fragmentis
1123 4535 1166 4584 hic
1186 4534 1242 4586 illic
1257 4535 1368 4596 insertis,
1388 4549 1473 4602 quon·

273 4617 325 4666 iam
345 4618 379 4666 de
399 4617 501 4680 origine
519 4635 607 4669 eorum
627 4619 723 4681 ambigi
742 4621 855 4670 fortasse
873 4627 974 4686 potest3
994 4623 1025 4670 cs.
1046 4623 1150 4671 Rohdii
1168 4624 1185 4674 l.
1207 4640 1228 4676 c.
1249 4642 1274 4690 p.
1299 4637 1347 4687 114
1367 4641 1426 4676 ann.
1447 4637 1472 4674 2.
