3292 5342
755 357 961 418 -ss-

257 526 339 586 idem
362 527 462 602 possit
480 530 627 587 contendi
635 524 656 586 1.
701 527 831 586 Accedit
852 527 937 603 quod
958 526 1029 586 nihil
1051 529 1082 586 in
1104 527 1207 588 fabula
1231 543 1271 602 39
1293 529 1452 598 invenitur,

259 645 322 704 quo
344 627 491 688 Nicandri
510 630 586 688 ratio
608 630 639 686 in
661 629 838 687 memoriam
860 627 1014 686 nobismet
1036 629 1159 704 quidem
1179 636 1345 688 revocetur.

357 729 463 789 Habes
493 731 555 790 iam
575 748 674 789 meam
706 731 745 788 de
782 729 899 803 origine
927 728 1018 787 libelli
1040 729 1238 786 Antoniniani
1260 731 1451 808 sententiam,

258 848 351 906 quam
376 848 439 888 non
471 840 532 888 tam
556 830 762 889 concludendi
783 829 971 889 necessitate
1005 847 1095 906 quam
1118 830 1320 888 ratiocinandi
1341 831 1453 906 proba-

257 930 375 989 bilitate
399 931 502 990 fulcire
525 931 614 990 licuit.
641 933 734 990 Addo
758 949 862 991 unum.
885 931 1012 989 Etiamsi
1027 929 1171 988 Nicandri
1192 930 1286 1008 ipsius
1301 949 1413 1008 poema
1434 949 1452 988 a

258 1031 457 1107 compilatore
476 1041 654 1109 excerptum
674 1050 743 1091 esse
766 1029 908 1101 diximus,
932 1033 957 1090 si
972 1032 1038 1108 quis
1061 1049 1099 1088 eo
1123 1033 1249 1090 consilio
1262 1031 1451 1092 Antoninum

258 1132 407 1208 inspiciet,
429 1141 463 1192 ut
484 1133 629 1192 historiae
651 1133 822 1192 fabularum
843 1134 971 1192 daturus
995 1150 1119 1207 operam
1141 1133 1304 1208 diligenter
1322 1151 1402 1209 quae
1421 1134 1454 1190 in

258 1252 441 1310 quacunque
463 1254 495 1292 re
521 1235 768 1310 singuli‘poetae
789 1233 975 1305 novaverint,
998 1235 1167 1311 distinguat
1189 1243 1222 1293 et
1243 1244 1357 1310 enotet‚
1375 1253 1452 1294 nun-

260 1353 352 1410 quam
373 1335 463 1393 velim
485 1337 685 1406 obliviscatur,
713 1354 804 1411 quarn
827 1337 933 1394 crebro
956 1335 1260 1395 transformationum
1292 1337 1350 1395 ista
1381 1355 1453 1395 con-

258 1436 359 1510 geries
385 1435 449 1494 sive
476 1437 627 1513 scriptoris
649 1428 861 1512 neglegentia2
891 1436 953 1495 sive
981 1445 1152 1514 temporum
1181 1438 1288 1496 iniuria
1318 1437 1453 1496 breviata

257 1544 351 1596 aucta
372 1535 543 1598 deformata
565 1537 612 1599 sit.

257 1669 459 1678 ——·-—--

358 1755 369 1792 ¹
389 1759 430 1808 Ex
449 1773 502 1824 quo
521 1773 645 1822 magnum
660 1757 798 1808 frustulum
820 1759 986 1824 desumptum
1009 1759 1042 1807 ab
1052 1757 1193 1808 Athenaeo
1213 1765 1240 1808 et
1256 1765 1385 1808 servatum
1405 1765 1452 1810 est.

362 1845 374 1884 2
393 1847 433 1899 Cf.
452 1864 478 1914 p.
493 1859 524 1909 19
544 1847 620 1904 diss.;
639 1846 793 1913 praecipitat
813 1846 925 1896 subinde
945 1845 1099 1912 compilator
1117 1845 1190 1896 velut
1208 1863 1233 1912 p.
1249 1858 1309 1906 201,
1329 1857 1360 1911 25
1381 1853 1452 1913 post·

257 1953 337 2002 quam
358 1936 503 2004 Ctesyllam
523 1936 556 1986 ab
574 1933 754 1984 Hermochare
778 1934 811 1984 ad
831 1950 900 1984 aram
920 1934 1056 2000 Apollinis
1076 1934 1215 1984 saltantem
1235 1943 1368 2001 aspectam
1396 1951 1453 1985 esse

259 2026 382 2086 narravit,
402 2025 528 2076 continuo
546 2023 632 2090 pergit
649 2024 694 2074 καλ
713 2016 872 2090 ἐπιγράψας
888 2021 977 2092 μῆλον
995 2021 1109 2090 ἔρριψεν
1131 2021 1161 2075 ἐν
1179 2022 1216 2092 τῷ
1239 2023 1302 2092 ἱερῷ
1329 2022 1374 2088 τῆς
1395 2018 1453 2090 ’Λρ-

258 2112 380 2182 τέμιδος,
399 2107 415 2177 ἡ
433 2111 465 2164 δὲ
481 2106 602 2164 ἀνείλετο
621 2111 665 2161 καλ
684 2109 763 2178 ἔγνω.
800 2111 895 2161 Omisit
923 2127 984 2174 ergo
1005 2127 1210 2162 commemorare
1239 2119 1266 2161 et
1283 2112 1397 2178 puellam
1427 2113 1455 2162 in

259 2201 383 2267 templum
402 2201 503 2250 Dianae
527 2206 589 2266 post
608 2199 769 2250 saltationem
788 2199 898 2250 intrasse
927 2206 953 2248 et
974 2199 1182 2250 Hermocharem
1212 2215 1301 2250 amore
1318 2201 1454 2249 incensum

259 2305 317 2340 earn
337 2295 454 2339 secutum
475 2305 543 2340 esse.
565 2288 655 2338 Simile
673 2295 809 2354 peccatum
835 2305 861 2353 p.
882 2299 940 2348 210,
962 2287 976 2337 8
996 2303 1054 2353 sqq.
1074 2289 1124 2337 iam
1142 2287 1309 2354 Verheykins
1338 2289 1453 2338 animad-

259 2377 336 2427 vertit
354 2377 391 2443 (in
410 2378 451 2430 ed.
470 2377 572 2430 Kochii
589 2394 614 2443 p.
637 2375 707 2443 159).
744 2377 784 2428 Cf.
810 2377 886 2426 etiam
904 2393 930 2442 p.
951 2386 1011 2442 215,
1034 2388 1064 2440 13
1085 2393 1123 2442 sq.
1153 2392 1220 2442 quae
1239 2377 1314 2426 nimis
1334 2377 1453 2428 breviata

260 2473 328 2525 sunt,
347 2472 372 2516 01
390 2483 416 2532 p.
437 2467 497 2532 236,
516 2479 531 2514 2
560 2465 606 2514 ubi
624 2465 716 2515 frustra
735 2481 838 2515 causam
857 2465 1012 2530 quaerimus
1033 2481 1078 2514 cur
1097 2465 1262 2517 Britomartis
1282 2481 1297 2514 a
1316 2464 1454 2531 Cephalle·

259 2553 338 2604 nibus
351 2557 469 2625 Λαφρία
489 2553 617 2620 appellata
635 2555 675 2606 sit.
694 2555 830 2604 Interdum
845 2555 1006 2620 Antoninus,
1026 2554 1072 2604 ubi
1087 2561 1178 2617 agatur
1194 2553 1290 2621 sabula,
1309 2553 1389 2620 plane
1408 2555 1454 2604 ob·

258 2641 319 2692 litus
339 2650 380 2692 est
401 2643 517 2693 indicare
541 2643 622 2709 (sabb.
644 2656 668 2708 7,
690 2655 729 2703 10,
750 2640 809 2711 21);
830 2643 918 2694 omisit
936 2659 1137 2694 commemorare
1156 2659 1181 2708 p.
1201 2643 1262 2702 228,
1282 2654 1314 2706 31
1340 2643 1386 2693 ubi
1404 2645 1454 2708 Ly-

260 2745 325 2782 caon
352 2723 498 2800 αὐτόχθων
522 2732 607 2799 fuerit,
632 2747 719 2798 neque
737 2732 854 2798 prodidit
881 2748 906 2798 p.
925 2743 986 2795 234,
1006 2744 1040 2782 2ο
1059 2737 1086 2784 01
1105 2744 1135 2780 21
1162 2731 1268 2781 ubinam
1286 2731 1398 2797 Eurytio
1429 2737 1455 2780 et

259 2822 374 2872 Acastus
393 2819 574 2871 habitaverint.

358 2909 453 2974 Neque
482 2909 544 2960 satis
573 2924 680 2972 gnarum
708 2909 842 2972 regionum
872 2909 1034 2959 Antoninum
1062 2909 1141 2960 fuisse
1169 2908 1336 2972 cognoscitur
1360 2925 1375 2958 e
1397 2923 1455 2958 ver·

260 2997 301 3046 bis
319 3013 345 3063 p.
357 3008 418 3056 222,
432 3007 463 3060 31
484 3012 523 3062 sq.
542 2979 618 3054 οὗτος
642 2995 690 3064 (sc.
709 2990 837 3065 Μάγνης)
862 2992 968 3065 ᾤκησεν
989 2992 1070 3065 ἐγγὺς
1089 2997 1240 3053 Θεσσαλίας
1264 2997 1309 3047 καὶ
1333 2993 1382 3060 τὴν
1402 2995 1455 3064 γῆν

260 3076 357 3150 ταύτην
374 3078 423 3136 ἀπ’
441 3076 523 3135 αὐτοῦ
541 3087 712 3152 Μαγνησίαν
730 3077 952 3152 προςηγόρευσαν
978 3085 1005 3134 ολ
1025 3075 1176 3150 ἄνθρωποι,
1214 3086 1312 3136 Tamen
1330 3085 1364 3134 de
1384 3100 1453 3134 com-

259 3173 379 3240 pluribus
403 3173 470 3224 locis
493 3175 529 3224 ita
553 3174 677 3242 loquitur,
703 3175 779 3240 quasi
806 3175 865 3240 ipse
893 3174 1054 3238 cognoven‘t,
1084 3180 1128 3224 aut
1153 3174 1177 3223 si
1198 3174 1250 3224 hoc
1274 3175 1381 3224 nimium
1406 3180 1455 3233 est,

259 3263 297 3313 ita
314 3271 393 3313 notos
412 3263 507 3313 habeat
536 3271 561 3314 et
580 3263 733 3330 exploratos,
762 3269 792 3314 ut
811 3264 940 3314 Graecum
969 3278 1029 3314 eum
1057 3262 1099 3312 vel
1117 3263 1254 3329 provincia
1271 3263 1338 3312 Asia
1364 3269 1454 3312 natum

260 3367 317 3402 esse
337 3352 358 3402 si
377 3357 528 3412 statuamus,
549 3368 563 3402 a
581 3368 644 3403 vero
663 3353 706 3402 vix
725 3353 882 3405 aberremus.
914 3354 974 3403 Huc
993 3358 1110 3418 spectant
1132 3367 1158 3417 p.
1178 3362 1239 3411 210,
1261 3363 1292 3416 17
1312 3367 1352 3417 sq.
1381 3355 1456 3404 Παν-

261 3432 365 3508 δάρεως
383 3432 447 3507 ᾤκει
464 3439 514 3508 γῆς
531 3438 577 3504 τῆς
591 3435 737 3511 Ἐφεσίας,
756 3435 794 3494 ἵν’
816 3439 874 3493 ἐστὶ
896 3439 945 3494 νῦν
968 3436 983 3492 ὁ
1004 3436 1099 3508 τρητὸν
1117 3437 1223 3507 (rectius
1242 3435 1356 3508 Πρηὼν)
1380 3435 1455 3507 παρὰ

261 3523 308 3592 την
330 3523 423 3595 πόλιν;
453 3529 521 3580 idern
545 3545 571 3595 p.
591 3541 683 3593 23o,1
711 3528 741 3581 ἐν
763 3529 794 3601 τῇ
817 3533 880 3602 Οἴτη
903 3531 974 3580 nude
998 3529 1087 3596 posuit
1111 3536 1138 3579 et
1164 3545 1191 3595 p.
1211 3539 1271 3592 233,
1293 3541 1323 3578 12
1354 3529 1392 3584 εἰς
1409 3531 1455 3578 Σί-

261 3617 347 3670 πυλον
371 3634 425 3667 non
447 3618 548 3668 addens
576 3609 653 3686 ὅρος;
682 3618 782 3669 addidit
801 3610 863 3684 ὅρος
887 3619 920 3669 ad
939 3619 1072 3668 Libanum
1101 3633 1126 3683 p.
1147 3629 1208 3680 231,
1230 3629 1261 3679 19
1289 3617 1336 3667 sed
1364 3617 1400 3666 ita
1428 3624 1457 3668 ut

261 3705 306 3768 τῆς
323 3708 424 3774 Συρίας
441 3707 585 3766 0111110101;
605 3707 636 3759 cs.
657 3708 733 3756 etiam
751 3723 777 3774 p.
799 3719 859 3771 237,
879 3708 921 3757 26.
959 3708 1122 3772 Quamquam
1148 3721 1210 3760 vero
1234 3705 1391 3772 plerumque
1422 3707 1456 3756 ad

261 3794 352 3844 urbem
370 3809 469 3844 nomen
489 3799 572 3844 terrae
592 3796 720 3860 apposnit,
739 3802 825 3846 tamen
844 3795 994 3862 suspicione
1012 3810 1067 3844 non
1086 3801 1158 3845 caret
1177 3811 1202 3860 p.
1223 3793 1283 3854 218,
1306 3807 1335 3843 12
1357 3792 1388 3845 ἐν
1407 3786 1456 3858 Θη-

243 3886 320 3946 .βαις
337 3885 395 3938 ταῖς
406 3886 550 3940 Βοιωτίαις
568 3883 633 3950 (sive
648 3899 705 3933 curn
718 3883 872 3950 Verheykio
891 3882 936 3946 τῆς
948 3885 1081 3940 Βοιωτίας
1100 3883 1215 3933 scribere
1235 3881 1338 3948 mavis),
1357 3883 1456 3949 quippe

262 3985 320 4019 curn
352 3971 471 4020 eiusdem
498 3972 588 4037 oppidi
613 3988 711 4023 nomen
741 3972 832 4022 nobile
871 3972 927 4021 sine
960 3978 1043 4021 terrae
1075 3971 1266 4034 significatione
1296 3971 1457 4037 usurpaverit

261 4075 288 4124 p,
308 4071 367 4123 227,
389 4069 419 4123 15
441 4066 468 4110 et
483 4075 509 4124 p.
529 4071 590 4124 231,
609 4072 624 4125 7
644 4068 670 4110 et
692 4073 731 4125 17.
769 4060 843 4110 Sane
862 4061 956 4110 eadem
976 4060 1154 4110 inconstantia
1173 4059 1283 4108 occurrit
1301 4077 1327 4125 p.
1347 4071 1407 4119 202,
1425 4073 1456 4124 17

261 4145 309 4195 ubi
327 4146 412 4197 solum
431 4145 462 4200 ἒν
480 4145 623 4200 Καλυδῶνι
643 4155 668 4198 01
686 4164 713 4213 p.
734 4159 794 4211 233,
815 4160 846 4197 21
877 4148 924 4198 ubi
943 4148 1062 4204 111111111ς
1081 4145 1231 4200 Καλυδῶνα
1258 4146 1303 4212 τῆς
1322 4147 1457 4204 Αἰτωλίας

261 4231 383 4303 ἄφίκετο.
422 4235 638 4302 Mesopotamiam
658 4243 741 4287 autem
766 4243 791 4286 et
809 4238 926 4287 Pontum
944 4237 1110 4288 Antoninum
1134 4253 1187 4287 non
1206 4253 1334 4300 cognosse
1351 4245 1457 4304 apparet

263 4340 293 4374 ex
328 4341 353 4390 p.
373 4336 433 4390 219,
455 4325 486 4374 16
514 4321 560 4388 τῆς
585 4325 734 4394 λεγομένης
764 4328 984 4394 Μεσοποταμίας
1020 4327 1083 4392 περὶ
1113 4325 1265 4391 Βαβυλῶνα
1302 4319 1383 4377 πόλιν
1427 4333 1455 4376 01

262 4429 288 4478 p.
308 4413 369 4472 226,
391 4424 422 4474 19
434 4403 558 4480 ἀπῴκισε
576 4407 625 4476 τὴν
637 4412 798 4482 Ἰφιγένειαν
818 4415 855 4469 εἰς
875 4408 923 4477 τὴν
935 4408 1044 4478 Λευκὴν
1055 4413 1215 4482 λεγομένην,
1236 4429 1294 4463 curn
1313 4430 1366 4464 non
1380 4414 1456 4464 aliter

263 4501 296 4550 de
315 4499 444 4550 fabulosis
462 4500 565 4550 locutus
587 4501 620 4550 sit
639 4501 778 4567 Pygmaeis
798 4518 824 4568 p.
846 4502 907 4561 216,
927 4513 960 4562 29
981 4497 1055 4567 παρὰ
1079 4504 1135 4558 τοῖς
1158 4500 1319 4569 λεγομένοις
1336 4495 1456 4568 ἀνδράσι

263 4592 427 4658 Πυγμαίοις.
464 4589 538 4638 Alias
557 4589 607 4639 hac
626 4589 716 4655 phrasi
734 4606 787 4640 non
806 4591 892 4642 utitur.
929 4591 975 4640 Ad
988 4590 1092 4640 Italiam
1109 4595 1227 4656 spectant
1245 4605 1271 4654 p.
1290 4591 1377 4652 229‚6
1398 4605 1455 4656 sqq.
