3292 5342
653 371 859 433 ..29..

256 543 308 602 Ad
330 541 478 602 Antonini
500 542 669 601 orationem
683 542 906 600 restituendam
925 542 1018 601 semel
1034 540 1161 601 adhibui
1171 543 1353 620 Apollodori

154 646 196 702 de
222 643 444 720 Amphitruone
466 643 575 713 verba;
610 643 735 702 inclinat
757 644 884 714 anImuS,
912 651 945 701 ut
974 644 1084 701 iterum
1112 643 1221 703 faciam
1243 645 1274 703 in
1296 645 1352 714 his,

154 746 268 822 quibus
290 744 501 820 Apollodorea
524 761 691 820 opponam:

222 846 396 905 Antoninus
416 865 445 922 p.
465 861 536 922 237,
553 861 591 920 24
603 863 670 924 sqq.
809 845 1013 921 Apollodorus
1037 846 1055 908 l.
1078 864 1104 908 c.
1126 843 1168 924 (p.
1186 863 1234 924 51,
1251 845 1326 924 8sq.

946 946 995 1006 ed.
1018 944 1179 1024 Hercher.)

198 1043 295 1127 ἐφάνη
317 1045 373 1128 γάρ
394 1043 426 1106 ἐν
439 1043 519 1132 (τῷ)
528 1041 626 1130 χρόνῳ
641 1040 730 1128 τούτῳ
823 1038 942 1126 ἔφθειρε
963 1042 1019 1125 γάρ
1040 1055 1098 1126 γῆν
1108 1045 1266 1126 Καδμείαν
1279 1043 1354 1107 άλώ-

155 1144 321 1224 Καδμείοις
341 1143 467 1226 άλώπηξ,
484 1146 591 1225 χρῆμά
606 1167 631 1205 τι
652 1142 727 1224 ε’ξηλ·
783 1144 836 1223 πηξ
851 1141 956 1223 θηρίον
974 1142 1139 1222 [excidisse
1156 1149 1276 1207 videtur
1289 1149 1353 1224 epi-

157 1243 316 1327 λαγμίνον·
332 1243 404 1327 αίίτη
418 1243 541 1327 συνεχῶς
550 1243 582 1306 ἒκ
595 1249 645 1318 τοῦ
657 1244 730 1306 Τευ·
782 1246 890 1304 theton
913 1247 995 1306 velut
1010 1237 1165 1328 ὖπερφσές]
1180 1295 1187 1310 .
1201 1294 1208 1308 .
1223 1245 1353 1308 ,ἀδικου-

155 1353 272 1428 μηοσοῦ
282 1353 419 1410 κατιοῦσα
430 1345 564 1422 πολλάκις
573 1344 637 1420 τοὺς
648 1342 730 1404 Καδ-
780 1342 868 1426 μένης
888 1343 920 1407 δὲ
941 1351 992 1427 τῆς
1007 1343 1105 1427 χώρας
1118 1345 1170 1409 ἕνα
1185 1351 1240 1408 τῶν
1259 1345 1352 1408 ἀστῶν

154 1446 259 1525 μείους
280 1445 435 1529 ἡρπάζετο·
457 1449 506 1510 καί
522 1447 596 1534 αὐτῇ
617 1441 732 1527 προδτί·
783 1445 873 1507 παῖδα
895 1442 923 1506 οἱ
942 1443 1067 1526 Θηβαῖοι
1083 1445 1157 1508 κατὰ
1168 1447 1253 1528 μήνα
1269 1469 1353 1526 προε-

157 1550 254 1609 θεσαν
275 1547 392 1610 παιδίον
413 1547 460 1609 διά
475 1553 642 1628 τριακοστῆς
664 1544 733 1629 ἡμί-
782 1544 902 1610 τίθεσαν
929 1545 1001 1633 αὐτῇ
1027 1545 1149 1621 πολλοὺς
1176 1544 1352 1634 άρπαξοάοη,

155 1671 219 1728 ρας,
245 1640 264 1728 ἡ
287 1645 319 1710 δὲ
340 1639 482 1730 κατήσθιε
502 1645 704 1728 λαμβάνουσα.
782 1654 863 1708 τοῦτο
884 1647 912 1710 τί
931 1645 977 1729 μὴ
999 1645 1115 1730 γίνοιτο.

156 1852 293 1911 Maxime
315 1852 454 1910 medialis
483 1851 580 1912 forma
607 1840 749 1930 ἡρπάζετο
772 1851 920 1931 displicet,
950 1870 1030 1930 quae
1052 1870 1153 1930 neque
1177 1852 1248 1910 alibi
1269 1853 1354 1929 apud

156 1948 372 2014 Antoninum1
396 1952 526 2011 occurrit
548 1947 599 2032 (cf.
622 1971 652 2028 p.
675 1951 745 2023 208,
768 1968 804 2016 22
837 1948 866 2012 τὸ
889 1948 994 2031 θηρίον
1014 1949 1168 2034 ε’πιφοιτιῖνν
1189 1948 1354 2032 ἀνήρπαζεν

157 2050 254 2117 ...τὰ
275 2047 434 2132 θρέμματα
455 2051 505 2112 καί
526 2049 590 2126 τοίις
612 2048 795 2131 ἀνθρώπους,
818 2063 849 2112 et
871 2073 901 2130 p.
922 2069 991 2127 230,
1012 2069 1046 2132 17
1071 2048 1229 2136 ἥρπασαν),
1250 2072 1353 2131 περιτο

156 2165 285 2224 omnino
307 2164 422 2222 codicIs
444 2163 550 2222 nititur
571 2164 762 2234 auctoritate,
784 2165 816 2221 In
837 2182 899 2240 quo
918 2164 1046 2240 legimns
1066 2143 1206 2243 ἡρπάζετίν
1220 2162 1269 2223 καί
1290 2164 1309 2223 i.
1323 2183 1352 2224 e.
1467 2218 1485 2228 κ

156 2258 272 2344 ἡρποζέ
301 2285 329 2324 τε
361 2259 419 2326 καί.
461 2264 581 2323 Tamen
612 2265 705 2324 etiam
737 2266 818 2324 hanc
847 2265 989 2342 amplecti
1022 2266 1201 2342 scripturam
1233 2263 1351 2336 dubito,

156 2367 304 2443 quoniam
315 2365 486 2424 Antoninus
509 2366 591 2424 idem
614 2374 697 2425 certe
720 2368 805 2442 quod
815 2367 1021 2443 Apollodorus
1043 2367 1180 2424 dicturus
1202 2365 1351 2424 fuitThe·

154 2467 258 2526 banos
278 2484 405 2543 puerum
432 2467 457 2525 si
484 2475 621 2526 monstro
648 2476 848 2545 apponerent,
877 2485 940 2524 non
962 2476 1089 2526 vexatos
1117 2467 1209 2525 fuisse
1239 2466 1353 2542 rapinis

155 2564 212 2649 (cf.
235 2568 328 2628 etiam
350 2586 431 2645 quae
449 2569 578 2644 scriptor
599 2587 629 2644 p.
649 2568 717 2640 208,
734 2583 771 2642 25
794 2561 933 2646 rettulit).
969 2569 1064 2627 Addo
1087 2568 1172 2644 quod
1194 2567 1355 2652 syllaba-*rho

156 2669 189 2728 in
212 2687 317 2729 rasura
339 2669 454 2728 codicis
477 2669 627 2728 collocata
647 2678 695 2728 est
705 2663 726 2732 ².
753 2670 907 2744 Quocirca
926 2670 1030 2728 nescio
1053 2688 1093 2728 an
1113 2669 1236 2727 dederit
1256 2668 1352 2726 Anto·
1378 2655 1380 2665 ⁴
1558 2693 1580 2736 ς,

155 2753 257 2830 ninus
269 2769 417 2829 Liberalis
442 2765 507 2842 τοὺς
528 2766 697 2846 Καδμείους
724 2745 851 2849 ἡρπαζδν
871 2767 897 2830 εἰ
916 2766 963 2850 μή
985 2765 1058 2854 αὐτῇ
1080 2763 1275 2846 προδτίθεσαν
1296 2767 1352 2828 κτλ.
1449 2782 1475 2828 ’τ

258 2872 346 2931 Haec
367 2872 460 2930 habui
481 2889 563 2948 qnae
584 2874 624 2930 de
645 2881 792 2930 contextu
806 2873 960 2949 scriptoris
975 2871 1118 2939 dicerem,
1137 2871 1168 2928 in
1182 2887 1243 2946 quo
1262 2885 1353 2945 quam
1423 2878 1429 2886 ’
1500 2865 1504 2872 ’

157 2973 253 3032 multa
275 2973 415 3032 nondum
437 2982 546 3032 sanata
568 2975 637 3044 sint,
659 2973 760 3032 hercle
782 2993 845 3032 non
867 2974 985 3049 ignore.
1013 2972 1133 3030 Tamen
1149 2987 1262 3048 operae
1284 2987 1352 3046 pre·

158 3075 236 3132 tium
257 3091 328 3132 esse
351 3073 446 3132 visum
468 3083 518 3132 est
538 3075 649 3132 multas
673 3075 867 3133 difficultates
890 3073 916 3132 si
943 3092 1006 3131 non
1029 3073 1175 3149 expedite
1198 3080 1301 3129 tamen
1323 3069 1355 3126 in

156 3177 255 3233 lucem
277 3173 420 3251 proferre,
444 3182 552 3251 utpote
576 3193 656 3251 quae
679 3175 804 3234 omnino
827 3175 930 3232 adhuc
951 3173 1103 3233 latuerint.

258 3373 269 3411 ¹
289 3375 329 3428 CI.
349 3375 501 3442 Palaephati
526 3375 579 3426 sab.
596 3376 665 3427 VIII
684 3375 721 3443 (p.
736 3376 797 3442 278,
816 3375 831 3426 8
848 3392 887 3441 sq.
905 3375 947 3426 ed.
965 3369 1120 3440 Westenn.)
1139 3369 1210 3440 φασὶ
1229 3365 1355 3436 περὶτῆς

159 3467 319 3533 Τευμησίπς
339 3455 480 3520 ἀλώπεκος
498 3460 533 3520 ώς
551 3456 708 3531 ἁρπάζουσιν
728 3460 790 3522 τοὺς
809 3463 965 3534 Καδμείους
983 3453 1137 3527 κατήσθιεν.

259 3547 272 3586 ²
290 3551 330 3604 Cf.
341 3567 367 3618 p.
379 3551 413 3601 26
432 3551 494 3600 diss.
