<?xml version="1.0" encoding="UTF-8"?>
<!DOCTYPE html PUBLIC "-//W3C//DTD XHTML 1.0 Transitional//EN"
    "http://www.w3.org/TR/xhtml1/DTD/xhtml1-transitional.dtd">
<html xmlns="http://www.w3.org/1999/xhtml" xml:lang="en" lang="en">
 <head>
  <title>
</title>
<meta http-equiv="Content-Type" content="text/html;charset=utf-8" />
  <meta name='ocr-system' content='tesseract 3.04.00' />
  <meta name='ocr-capabilities' content='ocr_page ocr_carea ocr_par ocr_line ocrx_word'/>
</head>
<body>
  <div class='ocr_page' id='page_1' title='image "./deantoninoliber01odergoog_0012.png"; bbox 0 0 3292 5342; ppageno 0'>
   <div class='ocr_carea' id='block_1_1' title="bbox 689 358 876 418">
    <p class='ocr_par' dir='ltr' id='par_1_1' title="bbox 689 358 876 418">
     <span class='ocr_line' id='line_1_1' title="bbox 689 358 876 418; baseline 0.011 -36"><span class='ocrx_word' id='word_1_1' title='bbox 689 358 876 418; x_wconf 64' lang='lat'><strong>..3-</strong></span> 
     </span>
    </p>
   </div>
   <div class='ocr_carea' id='block_1_2' title="bbox 181 524 1381 720">
    <p class='ocr_par' dir='ltr' id='par_1_2' title="bbox 181 524 1381 720">
     <span class='ocr_line' id='line_1_2' title="bbox 181 524 1381 611; baseline -0.005 -17"><span class='ocrx_word' id='word_1_2' title='bbox 181 535 239 594; x_wconf 81' lang='grc' dir='ltr'><strong>λον</strong></span> <span class='ocrx_word' id='word_1_3' title='bbox 265 528 465 610; x_wconf 79' lang='grc' dir='ltr'><strong><em>ὀνομάζοντες·</em></strong></span> <span class='ocrx_word' id='word_1_4' title='bbox 493 526 521 590; x_wconf 81' lang='grc' dir='ltr'><strong>οἱ</strong></span> <span class='ocrx_word' id='word_1_5' title='bbox 551 527 583 594; x_wconf 81' lang='grc' dir='ltr'><strong>δὲ</strong></span> <span class='ocrx_word' id='word_1_6' title='bbox 607 527 697 604; x_wconf 73' lang='grc' dir='ltr'><strong><em>ἄλλοι,</em></strong></span> <span class='ocrx_word' id='word_1_7' title='bbox 725 525 903 609; x_wconf 80' lang='grc' dir='ltr'><strong><em>Κτήοολλαν</em></strong></span> <span class='ocrx_word' id='word_1_8' title='bbox 931 524 1076 610; x_wconf 74' lang='grc' dir='ltr'><strong><em>ἑκαέργην.</em></strong></span> <span class='ocrx_word' id='word_1_9' title='bbox 1122 530 1243 590; x_wconf 90' lang='lat' dir='ltr'><strong>Bastius</strong></span> <span class='ocrx_word' id='word_1_10' title='bbox 1267 527 1381 611; x_wconf 82' lang='grc' dir='ltr'><strong><em>Ἀφρο-</em></strong></span> 
     </span>
     <span class='ocr_line' id='line_1_3' title="bbox 182 627 1380 720; baseline -0.003 -26"><span class='ocrx_word' id='word_1_11' title='bbox 182 633 246 720; x_wconf 73' lang='grc' dir='ltr'><strong>δίτῃ</strong></span> <span class='ocrx_word' id='word_1_12' title='bbox 280 645 352 695; x_wconf 89' lang='lat' dir='ltr'><strong>ante</strong></span> <span class='ocrx_word' id='word_1_13' title='bbox 379 632 529 711; x_wconf 77' lang='grc' dir='ltr'><strong><em>Ἰουλτῆτοτ</em></strong></span> <span class='ocrx_word' id='word_1_14' title='bbox 555 633 722 706; x_wconf 89' lang='lat' dir='ltr'><strong>collocavit,</strong></span> <span class='ocrx_word' id='word_1_15' title='bbox 748 632 921 690; x_wconf 87' lang='lat' dir='ltr'><strong>Perizonius</strong></span> <span class='ocrx_word' id='word_1_16' title='bbox 952 643 1054 690; x_wconf 92' lang='lat' dir='ltr'><strong>autem</strong></span> <span class='ocrx_word' id='word_1_17' title='bbox 1079 627 1253 710; x_wconf 71' lang='grc' dir='ltr'><strong><em>Ἀφροδίτην</em></strong></span> <span class='ocrx_word' id='word_1_18' title='bbox 1279 650 1380 690; x_wconf 89' lang='lat' dir='ltr'><strong>emen-</strong></span> 
     </span>
    </p>
   </div>
   <div class='ocr_carea' id='block_1_3' title="bbox 175 729 1470 3732">
    <p class='ocr_par' dir='ltr' id='par_1_3' title="bbox 177 729 1380 2322">
     <span class='ocr_line' id='line_1_4' title="bbox 182 729 1380 812; baseline -0.003 -17"><span class='ocrx_word' id='word_1_19' title='bbox 182 738 279 805; x_wconf 87' lang='lat' dir='ltr'>davit,</span> <span class='ocrx_word' id='word_1_20' title='bbox 312 737 344 794; x_wconf 90' lang='lat' dir='ltr'><strong>id</strong></span> <span class='ocrx_word' id='word_1_21' title='bbox 380 737 465 812; x_wconf 91' lang='lat' dir='ltr'><strong>quod</strong></span> <span class='ocrx_word' id='word_1_22' title='bbox 494 733 696 801; x_wconf 89' lang='lat' dir='ltr'><strong>Valckenarii,</strong></span> <span class='ocrx_word' id='word_1_23' title='bbox 730 733 907 810; x_wconf 89' lang='lat' dir='ltr'><strong>Hermanni,</strong></span> <span class='ocrx_word' id='word_1_24' title='bbox 941 729 1142 791; x_wconf 88' lang='lat' dir='ltr'><strong>Schneideri1</strong></span> <span class='ocrx_word' id='word_1_25' title='bbox 1174 733 1240 791; x_wconf 89' lang='lat' dir='ltr'><strong>tulit</strong></span> <span class='ocrx_word' id='word_1_26' title='bbox 1274 749 1380 792; x_wconf 90' lang='lat' dir='ltr'><strong>assen-</strong></span> 
     </span>
     <span class='ocr_line' id='line_1_5' title="bbox 182 835 1380 912; baseline -0.002 -18"><span class='ocrx_word' id='word_1_27' title='bbox 182 855 261 898; x_wconf 89' lang='lat' dir='ltr'><strong>sum.</strong></span> <span class='ocrx_word' id='word_1_28' title='bbox 322 837 423 910; x_wconf 88' lang='lat' dir='ltr'><strong>Quam</strong></span> <span class='ocrx_word' id='word_1_29' title='bbox 461 836 666 893; x_wconf 88' lang='lat' dir='ltr'><strong>coniecturam</strong></span> <span class='ocrx_word' id='word_1_30' title='bbox 703 835 728 891; x_wconf 90' lang='lat' dir='ltr'><strong>si</strong></span> <span class='ocrx_word' id='word_1_31' title='bbox 766 835 988 912; x_wconf 84' lang='lat' dir='ltr'>amplectimur,</span> <span class='ocrx_word' id='word_1_32' title='bbox 1028 835 1127 892; x_wconf 92' lang='lat' dir='ltr'><strong>omnis</strong></span> <span class='ocrx_word' id='word_1_33' title='bbox 1164 841 1197 892; x_wconf 92' lang='lat' dir='ltr'><strong>ut</strong></span> <span class='ocrx_word' id='word_1_34' title='bbox 1229 835 1380 910; x_wconf 86' lang='lat' dir='ltr'><strong>suspicor,</strong></span> 
     </span>
     <span class='ocr_line' id='line_1_6' title="bbox 181 935 1380 1012; baseline -0.001 -18"><span class='ocrx_word' id='word_1_35' title='bbox 181 946 357 996; x_wconf 89' lang='lat' dir='ltr'><strong>removetur</strong></span> <span class='ocrx_word' id='word_1_36' title='bbox 381 937 555 1006; x_wconf 85' lang='lat' dir='ltr'><strong>difficultas,</strong></span> <span class='ocrx_word' id='word_1_37' title='bbox 585 953 665 1012; x_wconf 91' lang='lat' dir='ltr'><strong>quae</strong></span> <span class='ocrx_word' id='word_1_38' title='bbox 695 944 726 993; x_wconf 94' lang='lat' dir='ltr'><strong>et</strong></span> <span class='ocrx_word' id='word_1_39' title='bbox 758 953 777 994; x_wconf 92' lang='lat' dir='ltr'><strong>a</strong></span> <span class='ocrx_word' id='word_1_40' title='bbox 801 935 997 1010; x_wconf 83' lang='lat' dir='ltr'><strong>grammatica</strong></span> <span class='ocrx_word' id='word_1_41' title='bbox 1023 942 1055 994; x_wconf 90' lang='lat' dir='ltr'><strong>et</strong></span> <span class='ocrx_word' id='word_1_42' title='bbox 1086 954 1104 992; x_wconf 88' lang='lat' dir='ltr'><strong>a</strong></span> <span class='ocrx_word' id='word_1_43' title='bbox 1137 952 1229 993; x_wconf 89' lang='lat' dir='ltr'><strong>sensu</strong></span> <span class='ocrx_word' id='word_1_44' title='bbox 1261 935 1294 992; x_wconf 92' lang='lat' dir='ltr'><strong>in</strong></span> <span class='ocrx_word' id='word_1_45' title='bbox 1329 953 1380 993; x_wconf 94' lang='lat' dir='ltr'><strong>co·</strong></span> 
     </span>
     <span class='ocr_line' id='line_1_7' title="bbox 181 1035 1379 1114; baseline -0.004 -16"><span class='ocrx_word' id='word_1_46' title='bbox 181 1040 259 1098; x_wconf 90' lang='lat' dir='ltr'><strong>dicis</strong></span> <span class='ocrx_word' id='word_1_47' title='bbox 292 1039 440 1114; x_wconf 89' lang='lat' dir='ltr'><strong>scriptura</strong></span> <span class='ocrx_word' id='word_1_48' title='bbox 476 1038 542 1096; x_wconf 89' lang='lat' dir='ltr'><strong>sine</strong></span> <span class='ocrx_word' id='word_1_49' title='bbox 582 1037 678 1095; x_wconf 92' lang='lat' dir='ltr'><strong>dubio</strong></span> <span class='ocrx_word' id='word_1_50' title='bbox 715 1037 803 1098; x_wconf 89' lang='lat' dir='ltr'><strong>inest.</strong></span> <span class='ocrx_word' id='word_1_51' title='bbox 859 1035 988 1094; x_wconf 82' lang='lat' dir='ltr'>Tradita</span> <span class='ocrx_word' id='word_1_52' title='bbox 1027 1036 1119 1094; x_wconf 86' lang='lat' dir='ltr'><strong>verba</strong></span> <span class='ocrx_word' id='word_1_53' title='bbox 1158 1036 1379 1094; x_wconf 89' lang='lat' dir='ltr'><strong>Broenstedius</strong></span> 
     </span>
     <span class='ocr_line' id='line_1_8' title="bbox 182 1129 1378 1216; baseline -0.001 -19"><span class='ocrx_word' id='word_1_54' title='bbox 182 1135 236 1212; x_wconf 87' lang='lat' dir='ltr'><strong>(cf.</strong></span> <span class='ocrx_word' id='word_1_55' title='bbox 265 1139 363 1201; x_wconf 88' lang='lat' dir='ltr'>Koch.</span> <span class='ocrx_word' id='word_1_56' title='bbox 392 1159 421 1216; x_wconf 92' lang='lat' dir='ltr'><strong>p.</strong></span> <span class='ocrx_word' id='word_1_57' title='bbox 445 1137 502 1196; x_wconf 89' lang='lat'><strong>108</strong></span> <span class='ocrx_word' id='word_1_58' title='bbox 527 1133 587 1214; x_wconf 88' lang='lat' dir='ltr'><strong>sq.)</strong></span> <span class='ocrx_word' id='word_1_59' title='bbox 616 1137 725 1196; x_wconf 81' lang='lat' dir='ltr'><strong>frustra</strong></span> <span class='ocrx_word' id='word_1_60' title='bbox 754 1137 902 1206; x_wconf 82' lang='lat' dir='ltr'><strong>defendit,</strong></span> <span class='ocrx_word' id='word_1_61' title='bbox 931 1137 982 1213; x_wconf 92' lang='lat' dir='ltr'><strong>qui</strong></span> <span class='ocrx_word' id='word_1_62' title='bbox 1009 1137 1050 1195; x_wconf 89' lang='lat' dir='ltr'><strong>ad</strong></span> <span class='ocrx_word' id='word_1_63' title='bbox 1076 1129 1103 1194; x_wconf 86' lang='grc' dir='ltr'><strong>οἱ</strong></span> <span class='ocrx_word' id='word_1_64' title='bbox 1130 1132 1161 1196; x_wconf 78' lang='grc' dir='ltr'><strong>δὲ</strong></span> <span class='ocrx_word' id='word_1_65' title='bbox 1190 1132 1270 1195; x_wconf 79' lang='grc' dir='ltr'><strong><em>ἄλλοι</em></strong></span> <span class='ocrx_word' id='word_1_66' title='bbox 1296 1135 1378 1215; x_wconf 85' lang='grc' dir='ltr'><strong><em>Κτή-</em></strong></span> 
     </span>
     <span class='ocr_line' id='line_1_9' title="bbox 180 1231 1377 1320; baseline -0.003 -22"><span class='ocrx_word' id='word_1_67' title='bbox 180 1241 290 1298; x_wconf 84' lang='grc' dir='ltr'><strong><em>οολλαν</em></strong></span> <span class='ocrx_word' id='word_1_68' title='bbox 314 1234 452 1319; x_wconf 74' lang='grc' dir='ltr'><strong><em>ἑκοέργην</em></strong></span> <span class='ocrx_word' id='word_1_69' title='bbox 478 1256 542 1298; x_wconf 91' lang='lat' dir='ltr'><strong>non</strong></span> <span class='ocrx_word' id='word_1_70' title='bbox 566 1239 661 1296; x_wconf 93' lang='lat' dir='ltr'><strong>modo</strong></span> <span class='ocrx_word' id='word_1_71' title='bbox 688 1233 871 1314; x_wconf 83' lang='grc' dir='ltr'><strong><em>ὀνομάζοντες</em></strong></span> <span class='ocrx_word' id='word_1_72' title='bbox 904 1239 962 1296; x_wconf 90' lang='lat' dir='ltr'><strong>sed</strong></span> <span class='ocrx_word' id='word_1_73' title='bbox 989 1238 1082 1296; x_wconf 89' lang='lat' dir='ltr'><strong>etiam</strong></span> <span class='ocrx_word' id='word_1_74' title='bbox 1107 1231 1214 1296; x_wconf 78' lang='grc' dir='ltr'><strong><em>θύουσι</em></strong></span> <span class='ocrx_word' id='word_1_75' title='bbox 1244 1235 1377 1320; x_wconf 82' lang='grc' dir='ltr'><strong><em>τῇΚτη-</em></strong></span> 
     </span>
     <span class='ocr_line' id='line_1_10' title="bbox 179 1335 1379 1422; baseline -0.003 -23"><span class='ocrx_word' id='word_1_76' title='bbox 179 1335 271 1422; x_wconf 77' lang='grc' dir='ltr'><strong><em>οὖλλῃ</em></strong></span> <span class='ocrx_word' id='word_1_77' title='bbox 300 1341 455 1399; x_wconf 89' lang='lat' dir='ltr'><strong>subaudit.</strong></span> <span class='ocrx_word' id='word_1_78' title='bbox 499 1340 629 1398; x_wconf 85' lang='lat' dir='ltr'><strong>Accedit</strong></span> <span class='ocrx_word' id='word_1_79' title='bbox 660 1339 753 1400; x_wconf 90' lang='lat' dir='ltr'><strong>aliud.</strong></span> <span class='ocrx_word' id='word_1_80' title='bbox 799 1338 954 1414; x_wconf 86' lang='lat' dir='ltr'><strong>Scriptura</strong></span> <span class='ocrx_word' id='word_1_81' title='bbox 980 1339 1006 1396; x_wconf 90' lang='lat' dir='ltr'><strong>si</strong></span> <span class='ocrx_word' id='word_1_82' title='bbox 1033 1346 1117 1396; x_wconf 88' lang='lat' dir='ltr'><strong>recte</strong></span> <span class='ocrx_word' id='word_1_83' title='bbox 1145 1355 1216 1396; x_wconf 89' lang='lat' dir='ltr'><strong>sese</strong></span> <span class='ocrx_word' id='word_1_84' title='bbox 1250 1338 1379 1396; x_wconf 92' lang='lat' dir='ltr'><strong>haberet</strong></span> 
     </span>
     <span class='ocr_line' id='line_1_11' title="bbox 181 1433 1379 1520; baseline 0 -22"><span class='ocrx_word' id='word_1_85' title='bbox 181 1441 304 1511; x_wconf 88' lang='lat' dir='ltr'><strong>tradita,</strong></span> <span class='ocrx_word' id='word_1_86' title='bbox 326 1436 513 1518; x_wconf 76' lang='grc' dir='ltr'><strong><em>ὀνομάζοντες</em></strong></span> <span class='ocrx_word' id='word_1_87' title='bbox 532 1440 601 1498; x_wconf 87' lang='lat' dir='ltr'><strong>ferri</strong></span> <span class='ocrx_word' id='word_1_88' title='bbox 623 1458 687 1498; x_wconf 91' lang='lat' dir='ltr'><strong>non</strong></span> <span class='ocrx_word' id='word_1_89' title='bbox 708 1448 824 1516; x_wconf 88' lang='lat' dir='ltr'><strong>posset,</strong></span> <span class='ocrx_word' id='word_1_90' title='bbox 847 1457 925 1516; x_wconf 91' lang='lat' dir='ltr'><strong>opus</strong></span> <span class='ocrx_word' id='word_1_91' title='bbox 948 1447 1031 1498; x_wconf 89' lang='lat' dir='ltr'><strong>esset</strong></span> <span class='ocrx_word' id='word_1_92' title='bbox 1052 1433 1281 1520; x_wconf 77' lang='grc' dir='ltr'><strong><em>ἐπονομάζοντες.</em></strong></span> <span class='ocrx_word' id='word_1_93' title='bbox 1310 1441 1379 1498; x_wconf 88' lang='lat' dir='ltr'><strong>Fal·</strong></span> 
     </span>
     <span class='ocr_line' id='line_1_12' title="bbox 179 1539 1376 1616; baseline -0.001 -18"><span class='ocrx_word' id='word_1_94' title='bbox 179 1559 248 1599; x_wconf 89' lang='lat' dir='ltr'><strong>sum</strong></span> <span class='ocrx_word' id='word_1_95' title='bbox 272 1542 353 1599; x_wconf 90' lang='lat' dir='ltr'><strong>enim</strong></span> <span class='ocrx_word' id='word_1_96' title='bbox 374 1549 423 1600; x_wconf 90' lang='lat' dir='ltr'><strong>est</strong></span> <span class='ocrx_word' id='word_1_97' title='bbox 434 1541 587 1600; x_wconf 89' lang='lat' dir='ltr'><strong>Venerem</strong></span> <span class='ocrx_word' id='word_1_98' title='bbox 611 1543 703 1600; x_wconf 90' lang='lat' dir='ltr'><strong>deam</strong></span> <span class='ocrx_word' id='word_1_99' title='bbox 725 1541 764 1598; x_wconf 90' lang='lat' dir='ltr'><strong>ab</strong></span> <span class='ocrx_word' id='word_1_100' title='bbox 783 1541 896 1598; x_wconf 91' lang='lat' dir='ltr'><strong>Iulietis</strong></span> <span class='ocrx_word' id='word_1_101' title='bbox 909 1539 1072 1616; x_wconf 89' lang='lat' dir='ltr'><strong>Ctesyllam</strong></span> <span class='ocrx_word' id='word_1_102' title='bbox 1095 1541 1282 1616; x_wconf 86' lang='lat' dir='ltr'><strong>appellatam</strong></span> <span class='ocrx_word' id='word_1_103' title='bbox 1297 1558 1376 1612; x_wconf 87' lang='lat' dir='ltr'><strong>esse,</strong></span> 
     </span>
     <span class='ocr_line' id='line_1_13' title="bbox 178 1633 1378 1718; baseline -0.002 -18"><span class='ocrx_word' id='word_1_104' title='bbox 178 1643 272 1700; x_wconf 88' lang='lat' dir='ltr'><strong>immo</strong></span> <span class='ocrx_word' id='word_1_105' title='bbox 294 1643 337 1700; x_wconf 89' lang='lat' dir='ltr'><strong>ita</strong></span> <span class='ocrx_word' id='word_1_106' title='bbox 358 1642 605 1716; x_wconf 83' lang='lat' dir='ltr'><strong>cognominatam</strong></span> <span class='ocrx_word' id='word_1_107' title='bbox 629 1640 722 1698; x_wconf 85' lang='lat' dir='ltr'><strong>luisse</strong></span> <span class='ocrx_word' id='word_1_108' title='bbox 738 1641 852 1698; x_wconf 89' lang='lat' dir='ltr'><strong>diserte</strong></span> <span class='ocrx_word' id='word_1_109' title='bbox 868 1649 961 1699; x_wconf 89' lang='lat' dir='ltr'><strong>antea</strong></span> <span class='ocrx_word' id='word_1_110' title='bbox 974 1641 1089 1698; x_wconf 90' lang='lat' dir='ltr'><strong>dictum</strong></span> <span class='ocrx_word' id='word_1_111' title='bbox 1111 1650 1173 1698; x_wconf 89' lang='lat' dir='ltr'><strong>est:</strong></span> <span class='ocrx_word' id='word_1_112' title='bbox 1197 1633 1277 1718; x_wconf 80' lang='grc' dir='ltr'><strong><em>ἱερὸν</em></strong></span> <span class='ocrx_word' id='word_1_113' title='bbox 1298 1637 1378 1718; x_wconf 80' lang='grc' dir='ltr'><strong><em>παρὰ</em></strong></span> 
     </span>
     <span class='ocr_line' id='line_1_14' title="bbox 177 1735 1378 1821; baseline -0.002 -20"><span class='ocrx_word' id='word_1_114' title='bbox 177 1745 235 1814; x_wconf 85' lang='grc' dir='ltr'><strong><em>τοῖς</em></strong></span> <span class='ocrx_word' id='word_1_115' title='bbox 260 1736 427 1818; x_wconf 79' lang='grc' dir='ltr'><strong><em>Ἰοολτήτατς</em></strong></span> <span class='ocrx_word' id='word_1_116' title='bbox 451 1736 607 1819; x_wconf 79' lang='grc' dir='ltr'><strong><em>ἐπώνυμον</em></strong></span> <span class='ocrx_word' id='word_1_117' title='bbox 629 1735 802 1821; x_wconf 79' lang='grc' dir='ltr'><strong><em>Ἀφροδίτης</em></strong></span> <span class='ocrx_word' id='word_1_118' title='bbox 822 1737 1021 1820; x_wconf 51' lang='grc' dir='ltr'><strong><em>Κτηούλληςῖ.</em></strong></span> <span class='ocrx_word' id='word_1_119' title='bbox 1065 1740 1175 1816; x_wconf 86' lang='lat' dir='ltr'>Neque</span> <span class='ocrx_word' id='word_1_120' title='bbox 1196 1741 1296 1798; x_wconf 91' lang='lat' dir='ltr'><strong>minus</strong></span> <span class='ocrx_word' id='word_1_121' title='bbox 1324 1741 1378 1798; x_wconf 87' lang='lat' dir='ltr'><strong>fal·</strong></span> 
     </span>
     <span class='ocr_line' id='line_1_15' title="bbox 179 1840 1376 1919; baseline -0.001 -19"><span class='ocrx_word' id='word_1_122' title='bbox 179 1861 247 1900; x_wconf 89' lang='lat' dir='ltr'><strong>sum</strong></span> <span class='ocrx_word' id='word_1_123' title='bbox 277 1843 362 1919; x_wconf 91' lang='lat' dir='ltr'><strong>quod</strong></span> <span class='ocrx_word' id='word_1_124' title='bbox 387 1843 419 1900; x_wconf 91' lang='lat' dir='ltr'><strong>in</strong></span> <span class='ocrx_word' id='word_1_125' title='bbox 446 1844 542 1901; x_wconf 86' lang='lat' dir='ltr'><strong>altero</strong></span> <span class='ocrx_word' id='word_1_126' title='bbox 569 1843 707 1900; x_wconf 90' lang='lat' dir='ltr'><strong>membro</strong></span> <span class='ocrx_word' id='word_1_127' title='bbox 735 1843 881 1918; x_wconf 87' lang='lat' dir='ltr'><strong>sequitur,</strong></span> <span class='ocrx_word' id='word_1_128' title='bbox 913 1843 1021 1900; x_wconf 88' lang='lat' dir='ltr'><strong>ceteris</strong></span> <span class='ocrx_word' id='word_1_129' title='bbox 1043 1841 1113 1900; x_wconf 90' lang='lat' dir='ltr'><strong>Ceis</strong></span> <span class='ocrx_word' id='word_1_130' title='bbox 1136 1840 1302 1917; x_wconf 90' lang='lat' dir='ltr'><strong>Ctesyllam</strong></span> <span class='ocrx_word' id='word_1_131' title='bbox 1323 1860 1376 1899; x_wconf 90' lang='lat' dir='ltr'><strong>au·</strong></span> 
     </span>
     <span class='ocr_line' id='line_1_16' title="bbox 177 1937 1377 2022; baseline -0.001 -20"><span class='ocrx_word' id='word_1_132' title='bbox 177 1945 263 2002; x_wconf 90' lang='lat' dir='ltr'><strong>disse</strong></span> <span class='ocrx_word' id='word_1_133' title='bbox 278 1937 428 2022; x_wconf 75' lang='grc' dir='ltr'><strong><em>ἑκοέργην;</em></strong></span> <span class='ocrx_word' id='word_1_134' title='bbox 444 1952 608 2020; x_wconf 89' lang='lat' dir='ltr'><strong>utmmque</strong></span> <span class='ocrx_word' id='word_1_135' title='bbox 628 1961 742 2002; x_wconf 86' lang='lat' dir='ltr'><strong>nomen</strong></span> <span class='ocrx_word' id='word_1_136' title='bbox 763 1943 856 2002; x_wconf 85' lang='lat' dir='ltr'><strong>etiam</strong></span> <span class='ocrx_word' id='word_1_137' title='bbox 876 1944 959 2019; x_wconf 88' lang='lat' dir='ltr'><strong>apud</strong></span> <span class='ocrx_word' id='word_1_138' title='bbox 980 1943 1046 2000; x_wconf 92' lang='lat' dir='ltr'><strong>illos</strong></span> <span class='ocrx_word' id='word_1_139' title='bbox 1068 1941 1265 2000; x_wconf 89' lang='lat' dir='ltr'><strong>coniunctum</strong></span> <span class='ocrx_word' id='word_1_140' title='bbox 1286 1943 1377 2002; x_wconf 88' lang='lat' dir='ltr'><strong>fuisse</strong></span> 
     </span>
     <span class='ocr_line' id='line_1_17' title="bbox 177 2037 1378 2122; baseline -0.002 -20"><span class='ocrx_word' id='word_1_141' title='bbox 177 2063 228 2102; x_wconf 90' lang='lat' dir='ltr'><strong>me</strong></span> <span class='ocrx_word' id='word_1_142' title='bbox 262 2061 387 2102; x_wconf 90' lang='lat' dir='ltr'><strong>monere</strong></span> <span class='ocrx_word' id='word_1_143' title='bbox 418 2044 465 2102; x_wconf 91' lang='lat' dir='ltr'><strong>vix</strong></span> <span class='ocrx_word' id='word_1_144' title='bbox 494 2061 572 2120; x_wconf 93' lang='lat' dir='ltr'><strong>opus</strong></span> <span class='ocrx_word' id='word_1_145' title='bbox 605 2052 662 2104; x_wconf 88' lang='lat' dir='ltr'><strong>est.</strong></span> <span class='ocrx_word' id='word_1_146' title='bbox 707 2042 872 2118; x_wconf 86' lang='lat' dir='ltr'><strong>Ctesyllam</strong></span> <span class='ocrx_word' id='word_1_147' title='bbox 898 2061 970 2101; x_wconf 88' lang='lat' dir='ltr'><strong>vero</strong></span> <span class='ocrx_word' id='word_1_148' title='bbox 997 2043 1037 2100; x_wconf 86' lang='lat' dir='ltr'><strong>ab</strong></span> <span class='ocrx_word' id='word_1_149' title='bbox 1064 2043 1178 2100; x_wconf 90' lang='lat' dir='ltr'><strong>lulietis</strong></span> <span class='ocrx_word' id='word_1_150' title='bbox 1201 2037 1378 2122; x_wconf 80' lang='grc' dir='ltr'><strong><em>Ἀφροδίτην</em></strong></span> 
     </span>
     <span class='ocr_line' id='line_1_18' title="bbox 179 2137 1376 2223; baseline -0.003 -19"><span class='ocrx_word' id='word_1_151' title='bbox 179 2139 366 2222; x_wconf 66' lang='grc' dir='ltr'><strong><em>Κτήοολὶον,</em></strong></span> <span class='ocrx_word' id='word_1_152' title='bbox 389 2162 408 2203; x_wconf 89' lang='lat' dir='ltr'><strong>a</strong></span> <span class='ocrx_word' id='word_1_153' title='bbox 430 2145 537 2203; x_wconf 89' lang='lat' dir='ltr'><strong>ceteris</strong></span> <span class='ocrx_word' id='word_1_154' title='bbox 553 2143 623 2203; x_wconf 89' lang='lat' dir='ltr'><strong>Ceis</strong></span> <span class='ocrx_word' id='word_1_155' title='bbox 642 2139 820 2222; x_wconf 82' lang='grc' dir='ltr'><strong><em>Κτήονλλαν</em></strong></span> <span class='ocrx_word' id='word_1_156' title='bbox 841 2137 978 2223; x_wconf 72' lang='grc' dir='ltr'><strong><em>ἑκαέργην</em></strong></span> <span class='ocrx_word' id='word_1_157' title='bbox 996 2145 1184 2202; x_wconf 89' lang='lat' dir='ltr'><strong>nominatam</strong></span> <span class='ocrx_word' id='word_1_158' title='bbox 1205 2161 1274 2202; x_wconf 87' lang='lat' dir='ltr'><strong>esse</strong></span> <span class='ocrx_word' id='word_1_159' title='bbox 1295 2145 1376 2201; x_wconf 90' lang='lat' dir='ltr'><strong>bene</strong></span> 
     </span>
     <span class='ocr_line' id='line_1_19' title="bbox 179 2242 395 2322; baseline 0.005 -18"><span class='ocrx_word' id='word_1_160' title='bbox 179 2247 241 2304; x_wconf 91' lang='lat' dir='ltr'><strong>dici</strong></span> <span class='ocrx_word' id='word_1_161' title='bbox 263 2242 395 2322; x_wconf 65' lang='lat' dir='ltr'><strong>potuiti.</strong></span> 
     </span>
    </p>

    <p class='ocr_par' dir='ltr' id='par_1_4' title="bbox 178 2336 1377 2527">
     <span class='ocr_line' id='line_1_20' title="bbox 278 2336 1377 2425; baseline 0 -19"><span class='ocrx_word' id='word_1_162' title='bbox 278 2348 412 2407; x_wconf 81' lang='lat' dir='ltr'><strong>Breviter</strong></span> <span class='ocrx_word' id='word_1_163' title='bbox 431 2347 524 2406; x_wconf 86' lang='lat' dir='ltr'><strong>verba</strong></span> <span class='ocrx_word' id='word_1_164' title='bbox 545 2365 575 2424; x_wconf 90' lang='lat' dir='ltr'><strong>p.</strong></span> <span class='ocrx_word' id='word_1_165' title='bbox 598 2362 668 2425; x_wconf 89' lang='lat'>201,</span> <span class='ocrx_word' id='word_1_166' title='bbox 687 2362 725 2422; x_wconf 81' lang='lat'><strong>29</strong></span> <span class='ocrx_word' id='word_1_167' title='bbox 749 2339 839 2424; x_wconf 79' lang='grc' dir='ltr'><strong><em>ὥςπερ</em></strong></span> <span class='ocrx_word' id='word_1_168' title='bbox 862 2339 906 2405; x_wconf 81' lang='grc' dir='ltr'><strong>ὅτε</strong></span> <span class='ocrx_word' id='word_1_169' title='bbox 928 2341 1088 2424; x_wconf 80' lang='grc' dir='ltr'><em>Κυδίππην</em></span> <span class='ocrx_word' id='word_1_170' title='bbox 1107 2341 1252 2418; x_wconf 83' lang='grc' dir='ltr'><strong><em>Ἀκόντιος</em></strong></span> <span class='ocrx_word' id='word_1_171' title='bbox 1271 2336 1377 2424; x_wconf 77' lang='grc' dir='ltr'><strong><em>ἐξηπά-</em></strong></span> 
     </span>
     <span class='ocr_line' id='line_1_21' title="bbox 178 2443 1011 2527; baseline -0.001 -20"><span class='ocrx_word' id='word_1_172' title='bbox 178 2467 258 2527; x_wconf 79' lang='grc' dir='ltr'><strong><em>τησεν</em></strong></span> <span class='ocrx_word' id='word_1_173' title='bbox 277 2448 467 2507; x_wconf 87' lang='lat' dir='ltr'><strong>Hercherum</strong></span> <span class='ocrx_word' id='word_1_174' title='bbox 488 2465 545 2506; x_wconf 90' lang='lat' dir='ltr'><strong>suo</strong></span> <span class='ocrx_word' id='word_1_175' title='bbox 566 2448 630 2505; x_wconf 90' lang='lat' dir='ltr'><strong>iure</strong></span> <span class='ocrx_word' id='word_1_176' title='bbox 652 2443 865 2524; x_wconf 65' lang='lat' dir='ltr'><strong>exstirpasse*</strong></span> <span class='ocrx_word' id='word_1_177' title='bbox 885 2455 1011 2508; x_wconf 91' lang='lat' dir='ltr'><strong>annoto.</strong></span> 
     </span>
    </p>

    <p class='ocr_par' dir='ltr' id='par_1_5' title="bbox 175 2541 1470 3629">
     <span class='ocr_line' id='line_1_22' title="bbox 278 2541 1470 2631; baseline 0.001 -25"><span class='ocrx_word' id='word_1_178' title='bbox 278 2549 369 2606; x_wconf 92' lang='lat' dir='ltr'><strong>Initio</strong></span> <span class='ocrx_word' id='word_1_179' title='bbox 392 2549 519 2624; x_wconf 83' lang='lat' dir='ltr'><strong>legimus</strong></span> <span class='ocrx_word' id='word_1_180' title='bbox 541 2546 591 2606; x_wconf 77' lang='lat' dir='ltr'><strong>uui</strong></span> <span class='ocrx_word' id='word_1_181' title='bbox 612 2541 739 2626; x_wconf 73' lang='grc' dir='ltr'><strong><em>ἐγένοντο</em></strong></span> <span class='ocrx_word' id='word_1_182' title='bbox 766 2543 846 2631; x_wconf 75' lang='grc' dir='ltr'><strong><em>αὐτῷ</em></strong></span> <span class='ocrx_word' id='word_1_183' title='bbox 866 2542 897 2618; x_wconf 82' lang='grc' dir='ltr'><strong>ἒξ</strong></span> <span class='ocrx_word' id='word_1_184' title='bbox 914 2541 1064 2618; x_wconf 75' lang='grc' dir='ltr'><em>Ἀλθαίας</em></span> <span class='ocrx_word' id='word_1_185' title='bbox 1083 2550 1134 2624; x_wconf 78' lang='grc' dir='ltr'><strong>τῆς</strong></span> <span class='ocrx_word' id='word_1_186' title='bbox 1156 2542 1277 2607; x_wconf 78' lang='grc' dir='ltr'><em>Θεστίου</em></span> <span class='ocrx_word' id='word_1_187' title='bbox 1302 2547 1372 2608; x_wconf 88' lang='grc' dir='ltr'><strong>Με-</strong></span> <span class='ocrx_word' id='word_1_188' title='bbox 1390 2549 1470 2602; x_wconf 80' lang='lat' dir='ltr'><strong>fab.2</strong></span> 
     </span>
     <span class='ocr_line' id='line_1_23' title="bbox 177 2637 1375 2728; baseline -0.001 -19"><span class='ocrx_word' id='word_1_189' title='bbox 177 2643 305 2728; x_wconf 76' lang='grc' dir='ltr'><strong><em>λέαγρος,</em></strong></span> <span class='ocrx_word' id='word_1_190' title='bbox 329 2643 443 2726; x_wconf 66' lang='grc' dir='ltr'><strong><em>Θηρεὺς</em></strong></span> <span class='ocrx_word' id='word_1_191' title='bbox 459 2692 466 2708; x_wconf 91' lang='grc'><strong>.</strong></span> <span class='ocrx_word' id='word_1_192' title='bbox 480 2692 487 2708; x_wconf 94' lang='grc'><strong>.</strong></span> <span class='ocrx_word' id='word_1_193' title='bbox 501 2641 675 2726; x_wconf 76' lang='grc' dir='ltr'><strong><em>,θτγατέρες</em></strong></span> <span class='ocrx_word' id='word_1_194' title='bbox 695 2642 726 2706; x_wconf 79' lang='grc' dir='ltr'><strong>δὲ</strong></span> <span class='ocrx_word' id='word_1_195' title='bbox 740 2645 768 2704; x_wconf 90' lang='grc' dir='ltr'>Γ</span> <span class='ocrx_word' id='word_1_196' title='bbox 765 2637 836 2726; x_wconf 84' lang='grc' dir='ltr'><strong><em>ὁργη</em></strong></span> <span class='ocrx_word' id='word_1_197' title='bbox 849 2648 907 2707; x_wconf 76' lang='grc' dir='ltr'><strong><em>κτλ.</em></strong></span> <span class='ocrx_word' id='word_1_198' title='bbox 931 2655 1003 2706; x_wconf 88' lang='lat' dir='ltr'><strong>ante</strong></span> <span class='ocrx_word' id='word_1_199' title='bbox 1024 2647 1153 2705; x_wconf 91' lang='lat' dir='ltr'><strong>filiorum</strong></span> <span class='ocrx_word' id='word_1_200' title='bbox 1172 2649 1296 2706; x_wconf 89' lang='lat' dir='ltr'><strong>nomina</strong></span> <span class='ocrx_word' id='word_1_201' title='bbox 1316 2643 1375 2708; x_wconf 77' lang='grc' dir='ltr'><strong><em>υἱοὶ</em></strong></span> 
     </span>
     <span class='ocr_line' id='line_1_24' title="bbox 176 2746 1374 2826; baseline -0.001 -17"><span class='ocrx_word' id='word_1_202' title='bbox 176 2746 232 2826; x_wconf 78' lang='grc' dir='ltr'><strong>μὲν</strong></span> <span class='ocrx_word' id='word_1_203' title='bbox 258 2749 411 2807; x_wconf 83' lang='lat' dir='ltr'><strong>excidisse</strong></span> <span class='ocrx_word' id='word_1_204' title='bbox 437 2757 471 2805; x_wconf 94' lang='lat' dir='ltr'><strong>ut</strong></span> <span class='ocrx_word' id='word_1_205' title='bbox 497 2755 639 2817; x_wconf 82' lang='lat' dir='ltr'><strong>statuam,</strong></span> <span class='ocrx_word' id='word_1_206' title='bbox 663 2755 830 2823; x_wconf 88' lang='lat' dir='ltr'><strong>perpetuus</strong></span> <span class='ocrx_word' id='word_1_207' title='bbox 859 2765 908 2806; x_wconf 92' lang='lat' dir='ltr'><strong>me</strong></span> <span class='ocrx_word' id='word_1_208' title='bbox 932 2756 1106 2807; x_wconf 88' lang='lat' dir='ltr'><strong>commovet</strong></span> <span class='ocrx_word' id='word_1_209' title='bbox 1127 2749 1273 2824; x_wconf 91' lang='lat' dir='ltr'><strong>loquendi</strong></span> <span class='ocrx_word' id='word_1_210' title='bbox 1303 2767 1374 2808; x_wconf 92' lang='lat' dir='ltr'><strong>usus</strong></span> 
     </span>
     <span class='ocr_line' id='line_1_25' title="bbox 178 2841 1374 2926; baseline -0.002 -16"><span class='ocrx_word' id='word_1_211' title='bbox 178 2850 334 2925; x_wconf 86' lang='lat' dir='ltr'><strong>Antonini,</strong></span> <span class='ocrx_word' id='word_1_212' title='bbox 357 2849 408 2926; x_wconf 92' lang='lat' dir='ltr'><strong>qui</strong></span> <span class='ocrx_word' id='word_1_213' title='bbox 425 2849 457 2905; x_wconf 92' lang='lat' dir='ltr'><strong>in</strong></span> <span class='ocrx_word' id='word_1_214' title='bbox 471 2847 529 2906; x_wconf 90' lang='lat' dir='ltr'><strong>hac</strong></span> <span class='ocrx_word' id='word_1_215' title='bbox 545 2847 720 2905; x_wconf 88' lang='lat' dir='ltr'><strong>elocutione</strong></span> <span class='ocrx_word' id='word_1_216' title='bbox 742 2843 842 2920; x_wconf 78' lang='grc' dir='ltr'><strong><em>παῖδος</em></strong></span> <span class='ocrx_word' id='word_1_217' title='bbox 856 2849 904 2906; x_wconf 89' lang='lat' dir='ltr'><strong>vel</strong></span> <span class='ocrx_word' id='word_1_218' title='bbox 923 2841 1068 2906; x_wconf 80' lang='lat' dir='ltr'><strong>violeum</strong></span> <span class='ocrx_word' id='word_1_219' title='bbox 1083 2866 1233 2924; x_wconf 89' lang='lat' dir='ltr'><strong>nusquam</strong></span> <span class='ocrx_word' id='word_1_220' title='bbox 1253 2851 1374 2909; x_wconf 91' lang='lat' dir='ltr'><strong>omittat</strong></span> 
     </span>
     <span class='ocr_line' id='line_1_26' title="bbox 179 2947 1371 3026; baseline -0.001 -17"><span class='ocrx_word' id='word_1_221' title='bbox 179 2981 213 2994; x_wconf 88' lang='lat'>-</span> <span class='ocrx_word' id='word_1_222' title='bbox 239 2950 379 3026; x_wconf 83' lang='lat' dir='ltr'><strong>exempla</strong></span> <span class='ocrx_word' id='word_1_223' title='bbox 400 2949 432 3006; x_wconf 91' lang='lat' dir='ltr'><strong>in</strong></span> <span class='ocrx_word' id='word_1_224' title='bbox 455 2947 560 3024; x_wconf 88' lang='lat' dir='ltr'><strong>quavis</strong></span> <span class='ocrx_word' id='word_1_225' title='bbox 578 2948 641 3006; x_wconf 89' lang='lat' dir='ltr'><strong>fere</strong></span> <span class='ocrx_word' id='word_1_226' title='bbox 660 2949 835 3006; x_wconf 85' lang='lat' dir='ltr'><strong>narratione</strong></span> <span class='ocrx_word' id='word_1_227' title='bbox 857 2948 991 3006; x_wconf 92' lang='lat' dir='ltr'><strong>invenire</strong></span> <span class='ocrx_word' id='word_1_228' title='bbox 1014 2949 1083 3007; x_wconf 89' lang='lat' dir='ltr'><strong>licet</strong></span> <span class='ocrx_word' id='word_1_229' title='bbox 1107 2981 1141 2991; x_wconf 99' lang='lat'>-</span> <span class='ocrx_word' id='word_1_230' title='bbox 1165 2950 1214 3008; x_wconf 87' lang='lat' dir='ltr'><strong>lric</strong></span> <span class='ocrx_word' id='word_1_231' title='bbox 1234 2951 1285 3009; x_wconf 94' lang='lat' dir='ltr'><strong>ubi</strong></span> <span class='ocrx_word' id='word_1_232' title='bbox 1307 2952 1371 3008; x_wconf 88' lang='lat' dir='ltr'><strong>liliis</strong></span> 
     </span>
     <span class='ocr_line' id='line_1_27' title="bbox 177 3043 1372 3129; baseline 0.002 -19"><span class='ocrx_word' id='word_1_233' title='bbox 177 3060 371 3129; x_wconf 90' lang='lat' dir='ltr'><strong>opponuntur</strong></span> <span class='ocrx_word' id='word_1_234' title='bbox 398 3043 562 3128; x_wconf 77' lang='grc' dir='ltr'><strong><em>θυγατέρες,</em></strong></span> <span class='ocrx_word' id='word_1_235' title='bbox 591 3057 673 3107; x_wconf 89' lang='lat' dir='ltr'><strong>certe</strong></span> <span class='ocrx_word' id='word_1_236' title='bbox 695 3067 759 3107; x_wconf 93' lang='lat' dir='ltr'><strong>non</strong></span> <span class='ocrx_word' id='word_1_237' title='bbox 780 3050 880 3108; x_wconf 92' lang='lat' dir='ltr'><strong>omisit</strong></span> <span class='ocrx_word' id='word_1_238' title='bbox 891 3047 911 3108; x_wconf 64' lang='grc' dir='ltr'><strong>ὗ.</strong></span> <span class='ocrx_word' id='word_1_239' title='bbox 955 3049 1001 3111; x_wconf 88' lang='lat' dir='ltr'><strong>Cf.</strong></span> <span class='ocrx_word' id='word_1_240' title='bbox 1019 3069 1050 3127; x_wconf 92' lang='lat' dir='ltr'><strong>p.</strong></span> <span class='ocrx_word' id='word_1_241' title='bbox 1068 3065 1136 3126; x_wconf 87' lang='lat'>207,</span> <span class='ocrx_word' id='word_1_242' title='bbox 1159 3051 1195 3110; x_wconf 77' lang='lat' dir='ltr'><strong>ro</strong></span> <span class='ocrx_word' id='word_1_243' title='bbox 1217 3049 1372 3112; x_wconf 77' lang='grc' dir='ltr'><strong><em>Αὐτονόου</em></strong></span> 
     </span>
     <span class='ocr_line' id='line_1_28' title="bbox 177 3139 1371 3230; baseline 0 -16"><span class='ocrx_word' id='word_1_244' title='bbox 177 3146 391 3230; x_wconf 75' lang='grc' dir='ltr'><strong><em>...ἐγένοντο</em></strong></span> <span class='ocrx_word' id='word_1_245' title='bbox 414 3143 473 3208; x_wconf 80' lang='grc' dir='ltr'><strong><em>οἷοὶ</em></strong></span> <span class='ocrx_word' id='word_1_246' title='bbox 492 3145 571 3226; x_wconf 82' lang='grc' dir='ltr'><strong><em>μὲν.</em></strong></span> <span class='ocrx_word' id='word_1_247' title='bbox 592 3139 769 3228; x_wconf 74' lang='grc' dir='ltr'><strong><em>..θνγάτηρ</em></strong></span> <span class='ocrx_word' id='word_1_248' title='bbox 790 3145 835 3218; x_wconf 82' lang='grc' dir='ltr'><strong>δέ;</strong></span> <span class='ocrx_word' id='word_1_249' title='bbox 855 3165 969 3229; x_wconf 85' lang='lat' dir='ltr'><strong>p.215,</strong></span> <span class='ocrx_word' id='word_1_250' title='bbox 991 3166 1028 3208; x_wconf 94' lang='lat'><strong>10</strong></span> <span class='ocrx_word' id='word_1_251' title='bbox 1048 3144 1113 3230; x_wconf 80' lang='grc' dir='ltr'><strong><em>ἔσχε</em></strong></span> <span class='ocrx_word' id='word_1_252' title='bbox 1133 3147 1165 3211; x_wconf 81' lang='grc' dir='ltr'><strong>δὲ</strong></span> <span class='ocrx_word' id='word_1_253' title='bbox 1187 3149 1293 3225; x_wconf 79' lang='grc' dir='ltr'><strong><em>παῖδας</em></strong></span> <span class='ocrx_word' id='word_1_254' title='bbox 1311 3199 1319 3214; x_wconf 92' lang='grc'><strong>.</strong></span> <span class='ocrx_word' id='word_1_255' title='bbox 1337 3198 1371 3215; x_wconf 92' lang='grc'><strong>..</strong></span> 
     </span>
     <span class='ocr_line' id='line_1_29' title="bbox 175 3237 1371 3334; baseline 0 -23"><span class='ocrx_word' id='word_1_256' title='bbox 175 3253 222 3314; x_wconf 73' lang='grc' dir='ltr'><strong>καὶ</strong></span> <span class='ocrx_word' id='word_1_257' title='bbox 244 3245 408 3331; x_wconf 72' lang='grc' dir='ltr'><strong><em>θογατέρο;</em></strong></span> <span class='ocrx_word' id='word_1_258' title='bbox 430 3269 460 3326; x_wconf 90' lang='lat' dir='ltr'><strong>p.</strong></span> <span class='ocrx_word' id='word_1_259' title='bbox 481 3265 550 3325; x_wconf 68' lang='grc' dir='ltr'><strong>κιο,</strong></span> <span class='ocrx_word' id='word_1_260' title='bbox 572 3266 608 3324; x_wconf 81' lang='lat'><strong>31</strong></span> <span class='ocrx_word' id='word_1_261' title='bbox 633 3237 705 3332; x_wconf 75' lang='grc' dir='ltr'><strong><em>ἦσαν</em></strong></span> <span class='ocrx_word' id='word_1_262' title='bbox 727 3245 759 3309; x_wconf 80' lang='grc' dir='ltr'><strong>δὲ</strong></span> <span class='ocrx_word' id='word_1_263' title='bbox 777 3247 855 3334; x_wconf 77' lang='grc' dir='ltr'><strong>αὐτῷ</strong></span> <span class='ocrx_word' id='word_1_264' title='bbox 877 3247 978 3323; x_wconf 77' lang='grc' dir='ltr'><strong><em>παῖδες</em></strong></span> <span class='ocrx_word' id='word_1_265' title='bbox 999 3297 1006 3310; x_wconf 92' lang='grc'><strong>.</strong></span> <span class='ocrx_word' id='word_1_266' title='bbox 1024 3296 1053 3312; x_wconf 93' lang='grc'><strong>..</strong></span> <span class='ocrx_word' id='word_1_267' title='bbox 1077 3249 1127 3310; x_wconf 78' lang='grc' dir='ltr'><strong>καὶ</strong></span> <span class='ocrx_word' id='word_1_268' title='bbox 1147 3248 1279 3331; x_wconf 75' lang='grc' dir='ltr'><strong><em>θυγάτηρ</em></strong></span> <span class='ocrx_word' id='word_1_269' title='bbox 1296 3300 1303 3314; x_wconf 95' lang='grc'><strong>.</strong></span> <span class='ocrx_word' id='word_1_270' title='bbox 1323 3301 1329 3314; x_wconf 93' lang='grc'><strong>.</strong></span> <span class='ocrx_word' id='word_1_271' title='bbox 1349 3271 1371 3324; x_wconf 87' lang='lat'><strong>.;</strong></span> 
     </span>
     <span class='ocr_line' id='line_1_30' title="bbox 176 3347 1371 3430; baseline -0.001 -17"><span class='ocrx_word' id='word_1_272' title='bbox 176 3351 275 3424; x_wconf 79' lang='grc' dir='ltr'><strong><em>παῖδες</em></strong></span> <span class='ocrx_word' id='word_1_273' title='bbox 298 3347 354 3429; x_wconf 82' lang='grc' dir='ltr'><strong>μὲν</strong></span> <span class='ocrx_word' id='word_1_274' title='bbox 384 3353 425 3410; x_wconf 91' lang='lat' dir='ltr'><strong>de</strong></span> <span class='ocrx_word' id='word_1_275' title='bbox 452 3368 514 3426; x_wconf 93' lang='lat' dir='ltr'><strong>quo</strong></span> <span class='ocrx_word' id='word_1_276' title='bbox 545 3351 658 3408; x_wconf 90' lang='lat' dir='ltr'><strong>eodem</strong></span> <span class='ocrx_word' id='word_1_277' title='bbox 679 3350 743 3408; x_wconf 93' lang='lat' dir='ltr'><strong>iure</strong></span> <span class='ocrx_word' id='word_1_278' title='bbox 772 3352 899 3427; x_wconf 87' lang='lat' dir='ltr'><strong>cogitari</strong></span> <span class='ocrx_word' id='word_1_279' title='bbox 920 3359 1031 3428; x_wconf 90' lang='lat' dir='ltr'><strong>potest,</strong></span> <span class='ocrx_word' id='word_1_280' title='bbox 1065 3353 1226 3428; x_wconf 91' lang='lat' dir='ltr'><strong>quominus</strong></span> <span class='ocrx_word' id='word_1_281' title='bbox 1252 3355 1371 3430; x_wconf 87' lang='lat' dir='ltr'><strong>praele-</strong></span> 
     </span>
     <span class='ocr_line' id='line_1_31' title="bbox 175 3447 1371 3530; baseline 0.002 -20"><span class='ocrx_word' id='word_1_282' title='bbox 175 3473 246 3523; x_wconf 88' lang='lat' dir='ltr'><strong>ram,</strong></span> <span class='ocrx_word' id='word_1_283' title='bbox 268 3451 432 3510; x_wconf 88' lang='lat' dir='ltr'><strong>vicinamm</strong></span> <span class='ocrx_word' id='word_1_284' title='bbox 452 3450 580 3526; x_wconf 92' lang='lat' dir='ltr'><strong>impedit</strong></span> <span class='ocrx_word' id='word_1_285' title='bbox 601 3469 651 3510; x_wconf 91' lang='lat' dir='ltr'><strong>me</strong></span> <span class='ocrx_word' id='word_1_286' title='bbox 673 3453 782 3510; x_wconf 89' lang='lat' dir='ltr'><strong>ductus</strong></span> <span class='ocrx_word' id='word_1_287' title='bbox 805 3453 981 3511; x_wconf 88' lang='lat' dir='ltr'><strong>litterarum.</strong></span> <span class='ocrx_word' id='word_1_288' title='bbox 1019 3451 1098 3512; x_wconf 89' lang='lat' dir='ltr'><strong>Nam</strong></span> <span class='ocrx_word' id='word_1_289' title='bbox 1123 3447 1182 3512; x_wconf 79' lang='lat' dir='ltr'><strong>viui</strong></span> <span class='ocrx_word' id='word_1_290' title='bbox 1201 3449 1258 3530; x_wconf 80' lang='grc' dir='ltr'><strong>μὲν</strong></span> <span class='ocrx_word' id='word_1_291' title='bbox 1278 3471 1371 3529; x_wconf 89' lang='lat' dir='ltr'><strong>quam</strong></span> 
     </span>
     <span class='ocr_line' id='line_1_32' title="bbox 175 3552 864 3629; baseline 0.001 -17"><span class='ocrx_word' id='word_1_292' title='bbox 175 3555 264 3614; x_wconf 83' lang='lat' dir='ltr'><strong>facile</strong></span> <span class='ocrx_word' id='word_1_293' title='bbox 287 3552 442 3629; x_wconf 87' lang='lat' dir='ltr'><strong>praeteriri</strong></span> <span class='ocrx_word' id='word_1_294' title='bbox 464 3552 607 3626; x_wconf 89' lang='lat' dir='ltr'><strong>potuerit,</strong></span> <span class='ocrx_word' id='word_1_295' title='bbox 631 3553 702 3610; x_wconf 92' lang='lat' dir='ltr'><strong>vide</strong></span> <span class='ocrx_word' id='word_1_296' title='bbox 725 3552 765 3612; x_wconf 89' lang='lat' dir='ltr'><strong>sis</strong></span> <span class='ocrx_word' id='word_1_297' title='bbox 786 3554 864 3629; x_wconf 90' lang='lat' dir='ltr'><strong>ipse:</strong></span> 
     </span>
    </p>

    <p class='ocr_par' dir='ltr' id='par_1_6' title="bbox 413 3647 1125 3732">
     <span class='ocr_line' id='line_1_33' title="bbox 413 3647 1125 3732; baseline 0.006 -22"><span class='ocrx_word' id='word_1_298' title='bbox 413 3654 464 3729; x_wconf 83' lang='grc' dir='ltr'><strong>τῆς</strong></span> <span class='ocrx_word' id='word_1_299' title='bbox 488 3648 658 3711; x_wconf 79' lang='grc' dir='ltr'><strong><em>θεοΤΙΟΥ</em></strong></span> <span class='ocrx_word' id='word_1_300' title='bbox 681 3649 773 3711; x_wconf 89' lang='lat' dir='ltr'><strong><em>YIOI</em></strong></span> <span class='ocrx_word' id='word_1_301' title='bbox 791 3650 895 3711; x_wconf 83' lang='grc' dir='ltr'><strong>ΜΕΝ</strong></span> <span class='ocrx_word' id='word_1_302' title='bbox 913 3647 1125 3732; x_wconf 80' lang='grc' dir='ltr'><strong><em>ΜΕΛέαγρος.</em></strong></span> 
     </span>
    </p>
   </div>
   <div class='ocr_carea' id='block_1_4' title="bbox 169 3882 1495 4746">
    <p class='ocr_par' dir='ltr' id='par_1_7' title="bbox 271 3882 758 3951">
     <span class='ocr_line' id='line_1_34' title="bbox 271 3882 758 3951; baseline 0.006 -17"><span class='ocrx_word' id='word_1_303' title='bbox 271 3882 333 3935; x_wconf 77' lang='grc' dir='ltr'><strong>1Ῑιτ</strong></span> <span class='ocrx_word' id='word_1_304' title='bbox 352 3885 394 3937; x_wconf 89' lang='lat' dir='ltr'><strong>ed.</strong></span> <span class='ocrx_word' id='word_1_305' title='bbox 412 3883 538 3934; x_wconf 82' lang='lat' dir='ltr'><strong>Nicandri</strong></span> <span class='ocrx_word' id='word_1_306' title='bbox 557 3901 584 3950; x_wconf 90' lang='lat' dir='ltr'><strong>p.</strong></span> <span class='ocrx_word' id='word_1_307' title='bbox 598 3885 631 3951; x_wconf 87' lang='lat'><strong>58</strong></span> <span class='ocrx_word' id='word_1_308' title='bbox 653 3901 713 3939; x_wconf 86' lang='lat' dir='ltr'><strong>ann.</strong></span> <span class='ocrx_word' id='word_1_309' title='bbox 733 3897 758 3950; x_wconf 86' lang='lat'><strong>3.</strong></span> 
     </span>
    </p>

    <p class='ocr_par' dir='ltr' id='par_1_8' title="bbox 270 3967 1210 4044">
     <span class='ocr_line' id='line_1_35' title="bbox 270 3967 1210 4044; baseline 0.003 -21"><span class='ocrx_word' id='word_1_310' title='bbox 270 3969 283 4008; x_wconf 79' lang='lat'>2</span> <span class='ocrx_word' id='word_1_311' title='bbox 301 3973 444 4024; x_wconf 78' lang='lat' dir='ltr'><strong>Schneider</strong></span> <span class='ocrx_word' id='word_1_312' title='bbox 462 3972 479 4026; x_wconf 93' lang='lat' dir='ltr'><strong>l</strong></span> <span class='ocrx_word' id='word_1_313' title='bbox 498 3973 516 4026; x_wconf 94' lang='lat' dir='ltr'><strong>l.</strong></span> <span class='ocrx_word' id='word_1_314' title='bbox 534 3967 706 4044; x_wconf 74' lang='grc' dir='ltr'><strong><em>Ἀφροδίτης</em></strong></span> <span class='ocrx_word' id='word_1_315' title='bbox 725 3977 783 4026; x_wconf 88' lang='lat' dir='ltr'><strong>sine</strong></span> <span class='ocrx_word' id='word_1_316' title='bbox 805 3975 875 4025; x_wconf 87' lang='lat' dir='ltr'><strong>iusta</strong></span> <span class='ocrx_word' id='word_1_317' title='bbox 898 3990 975 4025; x_wconf 83' lang='lat' dir='ltr'><strong>causa</strong></span> <span class='ocrx_word' id='word_1_318' title='bbox 993 3974 1085 4024; x_wconf 88' lang='lat' dir='ltr'><strong>abesse</strong></span> <span class='ocrx_word' id='word_1_319' title='bbox 1103 3975 1210 4028; x_wconf 88' lang='lat' dir='ltr'><strong>mavult.</strong></span> 
     </span>
    </p>

    <p class='ocr_par' dir='ltr' id='par_1_9' title="bbox 171 4057 1495 4393">
     <span class='ocr_line' id='line_1_36' title="bbox 271 4057 1446 4174; baseline 0.002 -62"><span class='ocrx_word' id='word_1_320' title='bbox 271 4057 283 4096; x_wconf 74' lang='lat'>³</span> <span class='ocrx_word' id='word_1_321' title='bbox 301 4061 422 4128; x_wconf 88' lang='lat' dir='ltr'><strong>Ctesylla</strong></span> <span class='ocrx_word' id='word_1_322' title='bbox 439 4062 489 4112; x_wconf 90' lang='lat' dir='ltr'><strong>dea</strong></span> <span class='ocrx_word' id='word_1_323' title='bbox 507 4063 580 4112; x_wconf 87' lang='lat' dir='ltr'><strong>cuius</strong></span> <span class='ocrx_word' id='word_1_324' title='bbox 601 4069 692 4113; x_wconf 87' lang='lat' dir='ltr'><strong>natura</strong></span> <span class='ocrx_word' id='word_1_325' title='bbox 709 4079 723 4113; x_wconf 92' lang='lat' dir='ltr'><strong>e</strong></span> <span class='ocrx_word' id='word_1_326' title='bbox 740 4063 844 4114; x_wconf 87' lang='lat' dir='ltr'><strong>Dianae</strong></span> <span class='ocrx_word' id='word_1_327' title='bbox 861 4069 887 4112; x_wconf 90' lang='lat' dir='ltr'><strong>et</strong></span> <span class='ocrx_word' id='word_1_328' title='bbox 903 4062 1015 4112; x_wconf 87' lang='lat' dir='ltr'><strong>Veneris</strong></span> <span class='ocrx_word' id='word_1_329' title='bbox 1032 4063 1132 4112; x_wconf 90' lang='lat' dir='ltr'><strong>naturis</strong></span> <span class='ocrx_word' id='word_1_330' title='bbox 1150 4065 1229 4114; x_wconf 87' lang='lat' dir='ltr'><strong>mista</strong></span> <span class='ocrx_word' id='word_1_331' title='bbox 1246 4069 1294 4122; x_wconf 86' lang='lat' dir='ltr'><strong>est,</strong></span> <span class='ocrx_word' id='word_1_332' title='bbox 1322 4063 1369 4114; x_wconf 85' lang='lat' dir='ltr'><strong>Se·</strong></span> <span class='ocrx_word' id='word_1_333' title='bbox 1417 4093 1446 4174; x_wconf 64' lang='grc' dir='ltr'><strong><em>γ</em></strong></span> 
     </span>
     <span class='ocr_line' id='line_1_37' title="bbox 171 4141 1495 4217; baseline 0.002 -17"><span class='ocrx_word' id='word_1_334' title='bbox 171 4150 289 4201; x_wconf 80' lang='lat' dir='ltr'><strong>mitreum</strong></span> <span class='ocrx_word' id='word_1_335' title='bbox 300 4150 368 4200; x_wconf 82' lang='lat' dir='ltr'><strong>illud</strong></span> <span class='ocrx_word' id='word_1_336' title='bbox 380 4165 478 4200; x_wconf 89' lang='lat' dir='ltr'><strong>numen</strong></span> <span class='ocrx_word' id='word_1_337' title='bbox 488 4164 547 4200; x_wconf 89' lang='lat' dir='ltr'><strong>esse</strong></span> <span class='ocrx_word' id='word_1_338' title='bbox 558 4149 671 4217; x_wconf 78' lang='lat' dir='ltr'><strong>videtur,</strong></span> <span class='ocrx_word' id='word_1_339' title='bbox 688 4151 760 4217; x_wconf 92' lang='lat' dir='ltr'><strong>quod</strong></span> <span class='ocrx_word' id='word_1_340' title='bbox 774 4151 857 4200; x_wconf 87' lang='lat' dir='ltr'><strong>caseis</strong></span> <span class='ocrx_word' id='word_1_341' title='bbox 871 4150 1033 4217; x_wconf 89' lang='lat' dir='ltr'><strong>temporibus</strong></span> <span class='ocrx_word' id='word_1_342' title='bbox 1047 4151 1277 4202; x_wconf 90' lang='lat' dir='ltr'><strong>aPhoeuicibus</strong></span> <span class='ocrx_word' id='word_1_343' title='bbox 1270 4168 1297 4202; x_wconf 86' lang='lat' dir='ltr'><strong>nr</strong></span> <span class='ocrx_word' id='word_1_344' title='bbox 1311 4167 1369 4202; x_wconf 85' lang='lat' dir='ltr'><strong>oras</strong></span> <span class='ocrx_word' id='word_1_345' title='bbox 1413 4158 1421 4210; x_wconf 64' lang='grc' dir='ltr'>ξ</span> <span class='ocrx_word' id='word_1_346' title='bbox 1435 4141 1454 4174; x_wconf 58' lang='lat'><em>⁸</em></span> <span class='ocrx_word' id='word_1_347' title='bbox 1492 4159 1495 4169; x_wconf 81' lang='lat'><em>&#39;</em></span> 
     </span>
     <span class='ocr_line' id='line_1_38' title="bbox 171 4238 1367 4302; baseline 0.002 -14"><span class='ocrx_word' id='word_1_348' title='bbox 171 4244 197 4288; x_wconf 91' lang='lat' dir='ltr'><strong>et</strong></span> <span class='ocrx_word' id='word_1_349' title='bbox 214 4239 316 4290; x_wconf 82' lang='lat' dir='ltr'><strong>insulas</strong></span> <span class='ocrx_word' id='word_1_350' title='bbox 334 4239 413 4290; x_wconf 85' lang='lat' dir='ltr'><strong>maris</strong></span> <span class='ocrx_word' id='word_1_351' title='bbox 426 4239 531 4302; x_wconf 82' lang='lat' dir='ltr'><strong>Aegaei</strong></span> <span class='ocrx_word' id='word_1_352' title='bbox 546 4253 578 4288; x_wconf 84' lang='lat' dir='ltr'><strong>ex</strong></span> <span class='ocrx_word' id='word_1_353' title='bbox 598 4238 699 4290; x_wconf 88' lang='lat' dir='ltr'><strong>oriente</strong></span> <span class='ocrx_word' id='word_1_354' title='bbox 718 4245 786 4289; x_wconf 90' lang='lat' dir='ltr'><strong>terra</strong></span> <span class='ocrx_word' id='word_1_355' title='bbox 804 4238 958 4288; x_wconf 86' lang='lat' dir='ltr'><strong>translatum</strong></span> <span class='ocrx_word' id='word_1_356' title='bbox 978 4247 1026 4292; x_wconf 88' lang='lat' dir='ltr'><strong>est.</strong></span> <span class='ocrx_word' id='word_1_357' title='bbox 1063 4238 1189 4290; x_wconf 85' lang='lat' dir='ltr'><strong>Conferas</strong></span> <span class='ocrx_word' id='word_1_358' title='bbox 1209 4239 1288 4290; x_wconf 85' lang='lat' dir='ltr'><strong>velim</strong></span> <span class='ocrx_word' id='word_1_359' title='bbox 1300 4242 1367 4290; x_wconf 92' lang='lat' dir='ltr'><strong>Use-</strong></span> 
     </span>
     <span class='ocr_line' id='line_1_39' title="bbox 171 4322 902 4393; baseline 0.004 -19"><span class='ocrx_word' id='word_1_360' title='bbox 171 4325 227 4374; x_wconf 89' lang='lat' dir='ltr'><strong>neri</strong></span> <span class='ocrx_word' id='word_1_361' title='bbox 244 4322 406 4390; x_wconf 81' lang='lat' dir='ltr'><strong>‘Legeudeu</strong></span> <span class='ocrx_word' id='word_1_362' title='bbox 427 4327 474 4377; x_wconf 87' lang='lat' dir='ltr'><strong>der</strong></span> <span class='ocrx_word' id='word_1_363' title='bbox 492 4326 610 4390; x_wconf 82' lang='lat' dir='ltr'><strong>heiligen</strong></span> <span class='ocrx_word' id='word_1_364' title='bbox 628 4326 749 4390; x_wconf 84' lang='lat' dir='ltr'><strong>Pelagia’</strong></span> <span class='ocrx_word' id='word_1_365' title='bbox 768 4327 902 4393; x_wconf 87' lang='lat' dir='ltr'><strong>p.XX11.</strong></span> 
     </span>
    </p>

    <p class='ocr_par' dir='ltr' id='par_1_10' title="bbox 270 4397 1015 4482">
     <span class='ocr_line' id='line_1_40' title="bbox 270 4397 1015 4482; baseline -0.001 -17"><span class='ocrx_word' id='word_1_366' title='bbox 270 4413 282 4450; x_wconf 77' lang='lat'><strong>⁴</strong></span> <span class='ocrx_word' id='word_1_367' title='bbox 299 4417 332 4466; x_wconf 91' lang='lat' dir='ltr'><strong>In</strong></span> <span class='ocrx_word' id='word_1_368' title='bbox 350 4417 465 4467; x_wconf 90' lang='lat' dir='ltr'><strong>Hermae</strong></span> <span class='ocrx_word' id='word_1_369' title='bbox 483 4415 537 4468; x_wconf 86' lang='lat' dir='ltr'><strong>vol.</strong></span> <span class='ocrx_word' id='word_1_370' title='bbox 557 4416 616 4465; x_wconf 90' lang='lat' dir='ltr'><strong>XII</strong></span> <span class='ocrx_word' id='word_1_371' title='bbox 635 4432 661 4482; x_wconf 93' lang='lat' dir='ltr'><strong>p.</strong></span> <span class='ocrx_word' id='word_1_372' title='bbox 675 4427 735 4481; x_wconf 82' lang='lat'><strong>317.</strong></span> <span class='ocrx_word' id='word_1_373' title='bbox 1002 4397 1015 4424; x_wconf 77' lang='lat'><em>⁰</em></span> 
     </span>
    </p>

    <p class='ocr_par' dir='ltr' id='par_1_11' title="bbox 169 4500 1372 4746">
     <span class='ocr_line' id='line_1_41' title="bbox 269 4500 1369 4573; baseline 0.002 -19"><span class='ocrx_word' id='word_1_374' title='bbox 269 4500 282 4536; x_wconf 64' lang='grc' dir='ltr'><strong>ὖ</strong></span> <span class='ocrx_word' id='word_1_375' title='bbox 299 4504 375 4555; x_wconf 88' lang='lat' dir='ltr'><strong>Idem</strong></span> <span class='ocrx_word' id='word_1_376' title='bbox 393 4504 428 4554; x_wconf 88' lang='lat' dir='ltr'><strong>de</strong></span> <span class='ocrx_word' id='word_1_377' title='bbox 440 4505 579 4555; x_wconf 89' lang='lat' dir='ltr'><strong>Antonino</strong></span> <span class='ocrx_word' id='word_1_378' title='bbox 598 4504 668 4554; x_wconf 85' lang='lat' dir='ltr'><strong>valet</strong></span> <span class='ocrx_word' id='word_1_379' title='bbox 686 4504 758 4570; x_wconf 91' lang='lat' dir='ltr'><strong>quod</strong></span> <span class='ocrx_word' id='word_1_380' title='bbox 771 4503 892 4554; x_wconf 88' lang='lat' dir='ltr'><strong>Hercher</strong></span> <span class='ocrx_word' id='word_1_381' title='bbox 909 4505 943 4554; x_wconf 92' lang='lat' dir='ltr'><strong>de</strong></span> <span class='ocrx_word' id='word_1_382' title='bbox 953 4504 1124 4571; x_wconf 88' lang='lat' dir='ltr'><strong>Apollodoro</strong></span> <span class='ocrx_word' id='word_1_383' title='bbox 1144 4505 1233 4556; x_wconf 87' lang='lat' dir='ltr'><strong>statuit</strong></span> <span class='ocrx_word' id='word_1_384' title='bbox 1253 4505 1293 4573; x_wconf 89' lang='lat' dir='ltr'><strong>(iu</strong></span> <span class='ocrx_word' id='word_1_385' title='bbox 1311 4507 1369 4573; x_wconf 91' lang='lat' dir='ltr'><strong>phi·</strong></span> 
     </span>
     <span class='ocr_line' id='line_1_42' title="bbox 169 4589 1372 4660; baseline 0.002 -19"><span class='ocrx_word' id='word_1_386' title='bbox 169 4591 254 4655; x_wconf 89' lang='lat' dir='ltr'><strong>lologi</strong></span> <span class='ocrx_word' id='word_1_387' title='bbox 272 4591 325 4646; x_wconf 85' lang='lat' dir='ltr'><strong>vol.</strong></span> <span class='ocrx_word' id='word_1_388' title='bbox 342 4604 374 4658; x_wconf 92' lang='lat'><strong>14</strong></span> <span class='ocrx_word' id='word_1_389' title='bbox 390 4609 418 4659; x_wconf 92' lang='lat' dir='ltr'><strong>p.</strong></span> <span class='ocrx_word' id='word_1_390' title='bbox 437 4592 501 4660; x_wconf 89' lang='lat'>622)</span> <span class='ocrx_word' id='word_1_391' title='bbox 524 4589 602 4642; x_wconf 85' lang='lat' dir='ltr'><strong>‘dass</strong></span> <span class='ocrx_word' id='word_1_392' title='bbox 620 4592 774 4658; x_wconf 87' lang='lat' dir='ltr'><strong>Apollodor</strong></span> <span class='ocrx_word' id='word_1_393' title='bbox 797 4609 827 4643; x_wconf 92' lang='lat' dir='ltr'><strong>so</strong></span> <span class='ocrx_word' id='word_1_394' title='bbox 848 4599 893 4658; x_wconf 87' lang='lat' dir='ltr'><strong>gut</strong></span> <span class='ocrx_word' id='word_1_395' title='bbox 914 4593 965 4642; x_wconf 88' lang='lat' dir='ltr'><strong>wie</strong></span> <span class='ocrx_word' id='word_1_396' title='bbox 989 4593 1086 4643; x_wconf 84' lang='lat' dir='ltr'><strong>andere</strong></span> <span class='ocrx_word' id='word_1_397' title='bbox 1109 4594 1244 4660; x_wconf 84' lang='lat' dir='ltr'><strong>Sp&#39;a&#39;tliuge</strong></span> <span class='ocrx_word' id='word_1_398' title='bbox 1261 4611 1302 4645; x_wconf 81' lang='lat' dir='ltr'><strong>arn</strong></span> <span class='ocrx_word' id='word_1_399' title='bbox 1320 4597 1372 4646; x_wconf 84' lang='lat' dir='ltr'><strong>sor-</strong></span> 
     </span>
     <span class='ocr_line' id='line_1_43' title="bbox 169 4679 928 4746; baseline 0.004 -17"><span class='ocrx_word' id='word_1_400' title='bbox 169 4680 312 4730; x_wconf 86' lang='lat' dir='ltr'><strong>melhaften</strong></span> <span class='ocrx_word' id='word_1_401' title='bbox 330 4679 440 4744; x_wconf 85' lang='lat' dir='ltr'><strong>h‘a&#39;ngt’;</strong></span> <span class='ocrx_word' id='word_1_402' title='bbox 460 4681 493 4733; x_wconf 84' lang='lat' dir='ltr'><strong>ci.</strong></span> <span class='ocrx_word' id='word_1_403' title='bbox 513 4679 654 4731; x_wconf 89' lang='lat' dir='ltr'><strong>secuudum</strong></span> <span class='ocrx_word' id='word_1_404' title='bbox 673 4687 749 4746; x_wconf 89' lang='lat' dir='ltr'><strong>caput</strong></span> <span class='ocrx_word' id='word_1_405' title='bbox 766 4680 845 4730; x_wconf 91' lang='lat' dir='ltr'><strong>huius</strong></span> <span class='ocrx_word' id='word_1_406' title='bbox 864 4681 928 4732; x_wconf 91' lang='lat' dir='ltr'><strong>diss.</strong></span> 
     </span>
    </p>
   </div>
   <div class='ocr_carea' id='block_1_5' title="bbox 0 0 1650 5342">
    <p class='ocr_par' dir='ltr' id='par_1_12' title="bbox 0 0 1650 5342">
     <span class='ocr_line' id='line_1_44' title="bbox 0 0 1650 5342; baseline 0 3"><span class='ocrx_word' id='word_1_407' title='bbox 0 0 1650 5342; x_wconf 95' lang='lat' dir='ltr'><strong> </strong></span> 
     </span>
    </p>
   </div>
  </div>
 </body>
</html>
