3292 5342
177 587 206 644 p.
220 568 366 643 609br4.
379 561 475 642 Beki.
514 565 590 625 Cum
605 566 792 625 Mellmanno
804 585 876 626 vero
890 564 943 643 (de
958 567 1082 625 mutatis
1098 567 1200 626 formis
1211 581 1288 642 p.7r
1304 567 1374 643 Lip-
1424 615 1472 680 λυ
1560 618 1563 634 ,
1606 627 1633 658 Μ

177 671 243 730 siae
272 665 363 744 1786)
385 675 419 726 ut
440 661 566 745 ἔφιππον
587 668 846 754 avem-fingamus
873 671 913 726 de
936 687 995 744 qua
1017 669 1103 744 apud
1124 677 1244 726 ceteros
1267 685 1374 726 omnes
1483 647 1524 676 ιω
1547 621 1575 697 ’ί
1613 693 1633 728 ἰ

179 772 325 846 antiquos
358 789 398 828 ne
425 773 480 848 γρῦ
509 748 634 846 quidem
663 777 773 848 exstat,
800 788 893 828 nemo
920 770 998 828 serio
1027 771 1179 829 suadebit.
1223 771 1264 829 At
1293 769 1374 826 enim
1449 735 1471 846 ί
1583 770 1598 786 “’

174 872 298 930 etiamsi
309 871 489 930 Mellmanni
511 871 667 928 inventum
687 871 901 940 concedemus,
924 871 997 928 nihil
1017 871 1208 938 lucrabimur,
1230 869 1375 944 quoniam

176 975 217 1031 de
244 989 283 1030 ea
310 972 360 1029 avi
386 959 492 1047 ‘equis
520 971 650 1030 fortasse
677 960 791 1030 amica'
819 971 945 1048 scriptor
972 980 1065 1030 antea
1094 971 1282 1030 mentionem
1310 989 1374 1029 non

176 1073 281 1132 lacere
304 1090 369 1130 non
388 1073 496 1147 potuit.

276 1171 364 1232 Unus
377 1190 458 1230 nunc
481 1173 566 1230 locus
588 1171 620 1228 in
640 1171 815 1230 narratione
831 1171 1016 1230 recidendus
1031 1179 1127 1230 restat
1148 1171 1199 1248 qui
1219 1178 1268 1228 est
1282 1169 1373 1246 paulo

175 1282 271 1332 antea
291 1293 321 1350 p.
344 1272 413 1346 208,
440 1289 475 1329 12
505 1273 546 1329 de
575 1272 672 1330 forma
694 1273 817 1330 alterius
840 1272 951 1341 erodii3
976 1272 1069 1330 verba
1090 1272 1172 1330 enim
1199 1265 1293 1353 ἥσσων
1317 1264 1373 1347 γάρ

174 1372 250 1435 ε’σαν
271 1367 380 1444 ἱκανῶς
407 1375 457 1431 τοῦ
485 1373 592 1431 πολλοῦ
613 1372 737 1430 omnino
767 1372 904 1448 intellegi
930 1381 1096 1448 nequeunt,
1121 1369 1373 1448 quandoquidem

175 1476 306 1551 scriptor
324 1474 461 1532 Anthum
483 1473 514 1530 in
528 1473 638 1548 pullam
654 1475 780 1532 ardeam
795 1491 977 1531 conversum
992 1491 1061 1531 esse
1082 1491 1122 1532 ne
1137 1475 1229 1532 verbo
1247 1471 1372 1550 quidem

175 1571 294 1635 antea¹
314 1575 422 1650 attigit.
465 1574 712 1649 Interpolationis
728 1583 833 1632 autem
847 1583 1058 1651 argumentum
1080 1583 1128 1632 est
1143 1574 1281 1652 quamvis
1301 1573 1373 1630 levi·

172 1679 310 1738 usculum
332 1685 366 1735 ut
387 1683 434 1734 est
455 1675 583 1750 exiguus
602 1674 693 1733 libelli
715 1675 917 1734 Antoniniani
941 1675 1092 1744 circuitus,
1115 1668 1221 1744 ἱκανῶς
1241 1693 1261 1732 a
1281 1673 1373 1750 scrip-

174 1779 249 1838 toris
273 1793 414 1836 sermone
435 1777 528 1853 plane
550 1776 727 1835 abhorrens.
771 1776 891 1844 Restat,
915 1784 948 1834 ut
971 1784 1139 1834 extremam
1160 1775 1281 1834 fabulae
1304 1793 1374 1850 par·

175 1889 239 1939 tem
268 1879 389 1955 qualem
424 1896 443 1935 a
475 1877 621 1956 scriptore
648 1877 809 1936 formatam
835 1895 904 1935 esse
930 1885 1017 1956 pute,
1045 1885 1143 1936 totam
1175 1885 1207 1934 et
1232 1875 1372 1934 omnibus

174 1977 462 2056 interpolationibus
479 1977 638 2035 liberatam
654 1994 822 2054 apponam:
836 1973 990 2036 Αὐτόνοον
1008 1973 1065 2054 μὲν
1079 1973 1267 2055 εἰργάσαντο2
1280 1970 1371 2045 ὄκνον,

175 2077 217 2141 ὅτι
237 2075 360 2158 ὤκνησεν
379 2071 521 2137 ἀπελάσαι
544 2073 591 2148 τάς
608 2074 721 2149 ἵππους,
745 2074 799 2156 τὴν
819 2075 851 2138 δὲ
869 2073 979 2156 μητέρα
995 2073 1127 2155 κοροδόν,
1150 2072 1190 2138 ὅτι
1205 2067 1371 2155 ἐκοράσσετο

172 2178 245 2258 πρὸς
268 2170 319 2252 τάς
344 2177 450 2248 ἵππους
469 2172 620 2255 μαχομένη
651 2176 716 2256 περὶ
737 2181 788 2237 τοῦ
809 2168 925 2251 παιδός·
950 2175 1039 2238 αὐτὸν
1064 2175 1097 2239 δὲ
1121 2175 1171 2238 τὸν
1186 2175 1302 2236 Ἄνθον
1321 2176 1371 2236 καὶ

172 2280 224 2342 τὸν
248 2275 385 2357 Ἐρωδιὸν
416 2276 466 2336 καὶ
496 2273 618 2354 Σχοινέα
654 2277 703 2337 καί
728 2275 880 2338 Ἄκανθον
905 2278 955 2339 καὶ
981 2275 1172 2338 ἈκανθίάαΒ
1203 2273 1372 2358 γενομένους

171 2380 295 2462 ὄρνιθας
322 2383 361 2464 τῷ
395 2375 474 2464 αὐτῷ
505 2373 643 2456 ἐποίησαν
676 2375 796 2454 ὀνόματι
829 2380 995 2452 καλεῖσθαι,
1020 2376 1068 2438 τὸν
1099 2377 1126 2439 δ’
1161 2377 1292 2458 ἀπηάὁν4
1323 2385 1373 2440 τοῦ

170 2480 290 2543 Ἄνθον
307 2477 381 2540 κατὰ
401 2475 490 2539 ταύτὰ
508 2481 548 2564 τῷ
569 2475 686 2564 ἀδελφῷ
701 2483 752 2540 τοῦ
771 2477 873 2552 παιδὸς
892 2477 1028 2558 ἐποίησαν
1043 2476 1178 2558 emerit·
1200 2479 1251 2540 καὶ
1271 2477 1307 2539 οὐ
1327 2477 1373 2560 yt-

173 2604 252 2643 νεται
269 2578 403 2659 σύνεδρος
419 2565 811 2668 οὗτοςξ-ὃρἕιοδιὸςάνθρνς
823 2576 863 2665 ὅτι
878 2576 998 2670 ¹nj'yrura
1012 2578 1088 2640 κακὰ
1104 2577 1218 2642 ἔπαθεν
1239 2572 1374 2654 ἀἍνθος
1400 2546 1415 2633 f
1422 2559 1501 2676 „gf
1532 2549 1626 2655 ,λι-τίτί,

173 2675 233 2745 ἀπὸ
254 2679 443 2780 reflantur·
465 2679 515 2740 καὶ
537 2675 577 2740 ἔτι
598 2683 650 2740 νῦν
671 2676 738 2740 ἀταν
759 2679 869 2766 ἀκούσῃ
890 2679 1056 2762 φωνοῦντος
1075 2679 1173 2754 ἵππον,
1199 2678 1298 2763 φείρει
1321 2704 1372 2759 μι-
1539 2675 1599 2688 ...-

171 2768 322 2863 μοιῖμενος
338 2777 401 2860 ἅμα
422 2778 472 2860 τὴν
491 2776 604 2860 φωνήν.

262 2887 326 2946 ¹Ad
354 2883 536 2944 narrationis
566 2885 683 2943 calcem
710 2885 929 2962 ineptissimum
956 2886 1042 2944 scioli
1069 2885 1228 2944 cuiusdam
1250 2885 1371 2943 addita·
1391 2890 1470 2940 fab.8

173 2997 312 3046 mentum
334 2985 557 3062 agglutinatum
579 2993 626 3044 est
647 3004 675 3061 p.
690 3001 759 3060 209,
777 3003 813 3060 14
833 2983 866 3045 ἐκ
892 2982 926 3046 δὲ
947 2975 1048 3064 ταύτης
1069 2983 1138 3062 (ie.
1162 2985 1284 3061 Sybaris
1303 2985 1371 3042 lons

171 3089 215 3146 ad
226 3087 364 3164 Delphos
382 3087 432 3164 qui
450 3082 604 3162 profluxit)
627 3083 677 3144 καλ
696 3083 810 3162 Λοκροὶ
830 3081 913 3145 πόλιν
933 3082 965 3144 ἐν
981 3081 1088 3166 Ἰταλίᾳ
1104 3075 1235 3163 Σύβαριν
1251 3078 1371 3144 ἔκτισαν.

171 3189 245 3248 Νοο
267 3189 354 3266 quod
375 3196 410 3246 ut
430 3188 546 3264 priores
569 3187 705 3246 nonnulli
721 3188 855 3246 editores
870 3187 900 3245 in
924 3188 1095 3247 elocutione
1109 3187 1259 3246 haesitem
1267 3182 1290 3256 ⁰,
1313 3186 1370 3244 sed

273 3392 285 3430 1
302 3396 383 3462 Apud
402 3396 574 3448 Aristotelem
597 3396 615 3448 l.
628 3413 651 3447 c.
674 3411 737 3446 sane
754 3396 866 3460 legimus
887 3395 941 3448 τῶν
959 3395 985 3446 ‹5’
1003 3394 1124 3465 ἐρωδιῶν
1142 3393 1200 3447 ἐστι
1217 3398 1277 3463 τρία
1294 3397 1369 3464 γένη,

172 3477 189 3536 ὅ
208 3499 235 3536 τε
253 3483 352 3542 πέλλας
370 3483 443 3552 (lege
461 3479 570 3550 πελλάς)
589 3487 635 3536 καὶ
652 3480 667 3536 ὁ
684 3479 776 3542 λευκὸς
795 3487 840 3536 καὶ
859 3481 874 3537 ὁ
893 3481 1018 3551 ἀστερίας
1030 3476 1204 3554 καλοῦμενος.

272 3568 285 3606 ²
303 3573 382 3637 Quod
399 3573 490 3623 Bastio
510 3573 635 3632 debetur;
654 3573 720 3640 Xyl.
738 3574 777 3632 είς
794 3569 843 3626 τὸν
860 3573 1046 3624 subministrat.

271 3654 443 3726 ³Perperam
460 3659 657 3712 Ἀνανθυλλίιλα
679 3659 765 3712 adhuc
782 3661 928 3726 legebatur;
953 3663 1047 3712 etenim
1065 3677 1156 3729 parum
1174 3661 1299 3712 credibile
1313 3646 1368 3712 hn-

173 3747 293 3798 toninurn
307 3747 335 3798 in
353 3749 506 3799 nominibus
517 3749 632 3815 propriis
645 3749 769 3810 variasse,
789 3751 817 3800 id
835 3751 908 3816 quod
925 3751 1043 3801 librariis
1062 3751 1189 3818 imputare
1208 3750 1303 3810 malim,
1325 3765 1368 3798 ve·

172 3835 214 3885 lut
229 3852 254 3901 p.
270 3846 330 3898 209,
346 3849 376 3886 21
401 3837 447 3886 ubi
466 3839 567 3904 Πίερος
591 3838 725 3900 genetivus
749 3839 868 3902 occurrit,
894 3855 952 3888 cum
975 3845 1052 3889 antea
1074 3841 1174 3906 Πίερος
1194 3837 1368 3888 nominativus

173 3923 254 3974 suerit
271 3924 320 3989 (ib.
338 3941 363 3976 v.
385 3925 441 3992 18);
461 3925 502 3976 vel
519 3943 545 3992 p.
561 3938 621 3986 211,
636 3927 652 3976 6
672 3919 805 3990 Χελιδών,
825 3943 982 3993 quamquam
1001 3935 1095 3994 postea
1113 3925 1255 3984 Χελιδονὶς
1272 3926 1368 3989 legitur

173 4019 225 4072 ter;
247 4012 346 4062 deinde
365 4013 444 4064 modo
464 4005 629 4080 Huvdn'peor
646 4015 728 4065 modo
746 4007 914 4083 Πανάἀρεως
932 4015 1096 4066 librariorum
1117 4015 1201 4081 culpa.

272 4096 285 4133 4
306 4101 371 4166 Xyl.
399 4095 517 4154 ’τὸνδὲ
543 4094 700 4170 θεράποντα
725 4097 773 4154 τὸν
794 4096 902 4166 ὀπηάὸν
922 4102 969 4154 τοῦ
986 4095 1122 4163 ”Λνθου’,
1147 4102 1256 4153 alteram
1274 4117 1367 4152 vocem

174 4187 289 4254 spuriam
309 4202 368 4238 esse
387 4189 498 4240 conicio.

273 4272 287 4309 ⁵
308 4275 440 4342 Apollod.
459 4278 495 4336 II,
517 4291 573 4340 1,4
604 4280 648 4328 καὶ
674 4273 730 4331 ἀπὸ
754 4273 848 4342 ταύτης
870 4279 946 4340 κτίζει
974 4281 1099 4350 Μέμφιν
1125 4273 1213 4340 πόλιν,
1238 4297 1303 4346 qnae
1330 4280 1367 4330 in·

172 4363 242 4414 iuria
264 4364 298 4414 ab
320 4365 429 4431 Heynio
452 4366 478 4415 in
504 4367 681 4433 suspicionem
700 4375 792 4418 vocata
809 4384 865 4419 esse
890 4369 1012 4419 Hercher
1034 4370 1078 4435 qui
1097 4370 1232 4436 complura
1248 4369 1322 4418 illius
1339 4369 1368 4418 in

175 4452 289 4503 dicendo
310 4448 445 4504 brevitatis
464 4455 573 4519 collegit
592 4456 721 4523 exempla,
740 4457 768 4507 in
787 4457 919 4523 philologi
937 4458 991 4510 vol.
1004 4461 1045 4510 VI
1063 4475 1089 4525 p.
1106 4471 1155 4524 574
1175 4459 1242 4509 bene
1261 4459 1368 4509 demon·

175 4540 274 4592 stravit.

274 4623 454 4681 iPronomen
473 4631 608 4682 offendere
621 4649 674 4682 non
685 4633 779 4692 debet;
799 4633 910 4697 legimus
929 4635 1005 4700 paulo
1024 4643 1098 4686 antea
1116 4653 1141 4702 p.
1154 4649 1213 4701 207,
1229 4636 1260 4686 18
1279 4635 1317 4704 τῴ
1335 4635 1365 4690 δὲ
