3292 5342
659 368 868 427 -n-

266 541 468 600 Transeamus
495 541 537 598 ad
564 540 689 596 alteram
719 536 898 613 particulam
926 553 987 611 qua
1014 537 1176 596 nonnullas
1199 545 1361 596 structuras

158 652 194 702 et
219 640 421 720 proprietates
442 641 595 716 scriptoris
612 639 795 714 syntecticas
817 645 948 696 tractare
971 637 1044 696 mihi
1058 639 1213 714 proposui.
1242 640 1361 699 Tamen

158 762 248 820 quae
273 743 330 801 huc
353 741 478 819 iaciunt,
506 758 661 817 perpauca
687 747 759 798 sunt
780 757 839 797 nec
860 757 991 815 magnae
1022 738 1168 800 utilitatis,
1213 739 1361 798 Nimirum

158 843 346 911 Antoninus,
370 860 462 918 quem
484 841 515 900 in
530 842 630 899 verbis
646 857 812 915 eorumque
835 839 937 897 formis
961 857 1053 914 quam
1073 840 1204 898 maxime
1223 841 1361 900 obsoleta

158 953 192 1002 et
222 944 381 1004 recondita
411 951 552 1018 captasse
579 939 790 1007 intelleximus
818 941 951 1016 syntaxis
978 940 1096 998 ratione
1119 941 1194 998 satis
1217 943 1361 1000 modeste

160 1063 196 1102 se
219 1045 297 1122 gerit
317 1061 419 1121 neque
447 1043 543 1102 multa
565 1059 645 1117 quae
669 1039 883 1099 observatione
905 1041 964 1099 sint
989 1041 1083 1116 digna
1104 1041 1241 1116 praebet.
1286 1040 1360 1100 Uni·

160 1165 250 1205 verse
264 1165 336 1204 vero
348 1145 537 1204 Antoninum
552 1161 662 1202 vacare
684 1142 878 1200 barbarismis
901 1142 1116 1200 contendimus
1127 1137 1148 1214 ¹,
1173 1159 1358 1219 quamquam

160 1247 194 1303 in
219 1247 340 1322 singulis
363 1247 452 1304 rebus
475 1245 646 1302 delabentis
660 1243 843 1300 Graecitatis
859 1242 970 1302 indicia
990 1242 1272 1318 deprehenduntur.
1300 1245 1360 1303 Im-

160 1347 266 1422 primis
286 1347 346 1404 huc
372 1347 470 1404 refero
491 1339 644 1423 εἰρομένην
672 1361 751 1420 quae
776 1353 943 1402 vocatura
964 1344 1169 1419 grammaticis
1192 1337 1276 1417 λέξιν,
1299 1363 1361 1422 qua

162 1447 300 1524 singulae
322 1449 402 1506 inter
416 1466 449 1505 se
471 1446 697 1504 enuntiationes
717 1445 831 1504 rustica
853 1462 1075 1520 saepenumero
1098 1453 1130 1502 et
1151 1445 1220 1503 rudi
1242 1445 1361 1504 ratione

161 1550 326 1625 iunguntur
338 1546 359 1609 2.
406 1547 501 1620 Quod
521 1549 668 1623 loquendi
691 1565 788 1622 genus
811 1547 854 1604 ita
871 1565 890 1602 a
913 1545 1061 1622 scriptore
1084 1545 1303 1621 frequentatur,
1327 1557 1362 1605 ut

162 1649 346 1724 aliquotiens
368 1644 413 1726 (p.
427 1665 496 1723 211,
508 1665 526 1724 9
540 1665 598 1724 sq.;
622 1649 661 1709 ib.
679 1663 717 1706 22
731 1663 788 1724 sq.;
813 1662 882 1721 225,
897 1662 935 1719 25
947 1662 1008 1722 sq.;
1034 1645 1103 1724 228,
1118 1662 1159 1719 24
1170 1640 1249 1722 sqq.)
1271 1647 1358 1724 quin-

163 1769 226 1825 que
247 1752 393 1827 deinceps
414 1751 531 1808 habeas
547 1749 638 1808 verba
660 1749 744 1806 finita
767 1743 979 1824 quadruplici³
1002 1744 1051 1804 καί
1073 1747 1152 1805 inter
1174 1766 1207 1806 se
1231 1765 1359 1809 conexa.

164 1851 188 1906 F
191 1851 354 1909 oedissima
380 1860 485 1908 tamen
513 1850 647 1908 omnium
672 1850 732 1908 hoc
753 1849 878 1908 nomine
900 1857 970 1906 sunt
991 1849 1069 1908 haec
1091 1867 1121 1924 p.
1147 1847 1216 1917 206,
1241 1847 1280 1904 26
1296 1865 1368 1924 591

163 1934 245 2022 οὗτος
264 1946 415 2028 ἐβασίλευε
499 1947 549 2008 καί
569 1944 678 2028 ἐγένετο
701 1944 810 2020 δίκαιος
835 1945 884 2007 καί
906 1937 1108 2021 uiolatorum
1130 1944 1207 2020 ὅσιος
1225 1946 1275 2007 καί
1296 1943 1360 2025 ίερά

164 2051 281 2110 πλεῖστα
300 2047 434 2129 ἐποίησεν
444 2045 613 2127 Ἀπόλλωνι,
636 2047 718 2122 δίκας
737 2070 765 2109 τε
792 2045 923 2120 πλείστας
943 2045 1066 2123 ἐδίκασε,
1088 2049 1137 2109 καί
1159 2044 1248 2111 αὐτὸν
1269 2044 1359 2126 ἐμέμ-

164 2164 244 2224 ψατο
266 2147 422 2230 ἄνθρωπος
439 2146 540 2229 οὐδείς,
559 2147 634 2208 ἀλλὰ
648 2139 770 2210 ἑκόντων
786 2145 880 2229 ἡγεῖτο
899 2147 1011 2209 πάντων
1032 2149 1082 2210 καί
1103 2147 1176 2229 πρὸς
1195 2147 1361 2229 ὑπερβολὴν

165 2247 254 2310 αὐτοῦ
273 2257 329 2312 τῶν
350 2247 441 2331 ἔργον
459 2246 618 2328 μετέβαλον
639 2245 667 2310 οἱ
689 2247 840 2328 ἄνθρωποι
867 2249 916 2324 τὰς
936 2248 1019 2328 τιμὰς
1040 2248 1091 2311 τοῦ
1114 2248 1184 2324 Διὸς
1203 2251 1251 2311 καί
1273 2244 1359 2329 ἔγνω·

165 2371 220 2410 σαν
244 2350 331 2425 αὐτὰς
355 2343 429 2412 εἶναι
452 2349 641 2431 Περίφαντος,
674 2351 724 2412 καί
752 2347 817 2430 ἱερὰ
840 2351 889 2412 καί
914 2349 1000 2424 ναοὺς
1022 2349 1160 2431 ἐποίησαν
1189 2348 1279 2410 αὐτοῦ
1311 2351 1360 2410 καί

166 2448 225 2511 Δία
253 2452 379 2531 Σωτῆρα
412 2446 640 2531 προςηγόρευσαν
666 2453 715 2512 καί
739 2448 881 2528 'Euripum
906 2451 955 2511 καί
980 2450 1143 2532 Μειλίχιον.
1185 2453 1221 2512 111
1251 2453 1359 2528 quibus

166 2554 335 2614 duodecies
350 2553 400 2614 καί
415 2555 552 2630 legimus.
577 2554 767 2613 Mentionem
782 2572 873 2631 porro
897 2553 1006 2614 faciam
1020 2556 1062 2612 de
1078 2556 1214 2631 quodam
1229 2555 1357 2631 particu-

167 2653 258 2714 lamm
280 2676 309 2715 τε
329 2653 378 2714 καί
393 2657 478 2732 apud
490 2655 679 2714 Antoninum
701 2657 841 2732 aliosque
863 2657 1026 2732 scriptores
1049 2673 1112 2726 usu,
1128 2673 1220 2732 quem
1242 2653 1360 2714 detexit

166 2753 302 2814 Hercher
323 2756 442 2832 (Script.
465 2766 541 2816 erot.
565 2757 624 2816 vol.
648 2756 676 2814 ll
698 2775 727 2832 p.
743 2756 845 2814 XXIV
863 2752 932 2834 sq).
976 2755 1057 2814 Usus
1081 2774 1153 2815 vero
1176 2756 1225 2814 ille
1249 2763 1303 2830 est,
1326 2763 1359 2812 ut

166 2875 193 2914 τε
211 2877 275 2915 non
297 2859 339 2915 ad
360 2857 523 2933 insequens
546 2859 690 2934 nulloque
714 2857 807 2915 verbo
830 2877 849 2917 a
870 2877 899 2916 τε
922 2857 1104 2916 disiunctum
1125 2855 1173 2915 καί
1200 2856 1358 2925 referatur,

167 2961 221 3016 sed
243 2976 313 3017 eam
341 2959 388 3017 cui
409 2959 533 3018 adiecta
554 2968 602 3016 est
624 2977 739 3035 vocem,
762 2959 961 3035 praecedenti
983 2959 1130 3034 adiungat
1142 2955 1164 3017 4.
1194 2958 1287 3016 Velut
1297 2958 1359 3016 An·

168 3060 287 3117 toninus
310 3079 340 3136 p.
355 3075 424 3137 221,
438 3043 475 3134 29
490 3077 535 3136 sq.
558 3059 676 3135 scripsit
697 3054 825 3138 λέγεται.
840 3053 1086 3135 ..μουσικώτατος
1105 3053 1241 3134 γενέσθαι
1252 3106 1259 3120 .
1272 3103 1278 3117 .
1291 3104 1298 3118 .
1310 3056 1358 3117 καί

166 3155 362 3238 διαβοηθῆναι
383 3157 451 3219 καί.
464 3206 470 3221 .
483 3159 650 3220 ,συνθεῖναι
672 3157 721 3218 καί
735 3205 742 3220 .
756 3205 762 3220 .
776 3206 782 3220 .
796 3155 958 3238 κεχρῆσθαι
971 3157 993 3234 4,
1016 3156 1134 3220 πλεῖστοί
1155 3181 1183 3220 τε
1198 3158 1247 3219 καί
1261 3154 1358 3218 κοίλλι-

166 3277 213 3318 στα
226 3254 302 3338 μέλη
316 3257 459 3338 ποιῆσαιῧ.
481 3259 655 3318 Antoninus
677 3278 750 3319 vero
773 3270 807 3319 ut
827 3263 858 3319 in
873 3262 1095 3338 coniungendis
1117 3261 1281 3320 enuntiatis
1304 3261 1358 3318 ad·

166 3361 290 3418 modum
313 3361 438 3436 simplici
467 3361 561 3420 utitur
585 3363 713 3431 ratione,
749 3363 791 3420 ita
816 3363 848 3420 in
875 3363 1010 3438 periodis
1036 3363 1108 3438 ipsis
1131 3361 1358 3420 conformandis

166 3461 332 3520 variatione
352 3478 476 3538 prorsus
499 3471 592 3522 caret.
626 3463 770 3522 Notabile
787 3471 889 3522 autem
910 3482 977 3522 esse
999 3463 1097 3520 visum
1117 3471 1164 3521 est
1185 3461 1266 3532 mihi,
1283 3479 1359 3538 quo·

166 3562 241 3620 tiens
269 3556 335 3638 ἄχρι
361 3563 541 3638 particulam
570 3563 769 3640 frequentarit
797 3565 841 3623 ita
866 3574 899 3622 ut
926 3565 965 3621 ab
997 3582 1036 3622 ea
1062 3564 1224 3640 apodosim
1246 3563 1359 3639 incipe-

166 3661 247 3737 ret⁶;
270 3663 307 3723 cf.
330 3681 360 3738 p.
378 3677 446 3736 203,
466 3679 517 3736 13;
543 3679 612 3742 209,
631 3680 687 3740 ²53
710 3681 779 3736 210,
795 3680 824 3739 3.
845 3681 896 3740 133
921 3679 990 3736 222,
1011 3680 1060 3739 11;
1085 3679 1152 3738 224,
1170 3677 1217 3736 25.

167 3761 363 3771 ———-

261 3792 512 3862 lcf.p.4-a11n.2
533 3797 596 3849 diss

259 3880 272 3918 ²
291 3884 330 3935 Cf.
351 3885 530 3937 Grundmann.
547 3885 564 3938 l.
587 3901 607 3934 c.
627 3902 653 3952 p.
669 3897 702 3950 33
724 3901 762 3952 sq.

261 3969 399 4040 ³Triplici
427 3975 472 4024 καὶ
501 3974 621 4041 copulata
650 3981 711 4024 sunt
741 3980 862 4042 quattuor
889 3973 970 4024 verba
997 3972 1070 4024 finita
1096 3972 1167 4024 haud
1192 3989 1258 4034 raro,
1288 3991 1309 4026 e.
1333 3988 1358 4036 g.

163 4075 188 4125 p.
202 4071 305 4122 209,19
326 4079 383 4130 sqq.
403 4069 430 4112 et
447 4079 473 4128 p.
486 4074 545 4126 217,
561 4076 576 4127 7
597 4079 636 4130 sq.

261 4145 274 4182 t
292 4151 404 4200 Rectius
423 4150 502 4213 igitur
521 4151 647 4214 virgulam
666 4151 822 4202 delebimus,

262 4235 330 4288 ⁵De
347 4238 399 4288 hoc
418 4254 467 4288 usu
484 4239 550 4289 alibi
569 4241 702 4307 copiosius
721 4256 802 4304 agam.

262 4321 274 4360 θ
292 4328 386 4395 Μέχρι
406 4344 488 4394 prope
513 4329 589 4379 deest
607 4344 694 4395 neque
712 4329 809 4393 legitur
832 4329 884 4380 nisi
909 4336 969 4396 post
987 4328 1091 4381 vocales
1110 4327 1222 4396 (p.211‚
1239 4339 1268 4390 13
1292 4327 1358 4394 ἔργα

163 4417 261 4483 μέχρις
277 4409 292 4480 ἡ
311 4423 336 4466 et
357 4432 382 4482 p.
402 4427 460 4479 213,
483 4429 513 4481 17
533 4409 651 4482 λαβόντα
670 4419 754 4486 μέχρι
777 4410 866 4485 πρός).
905 4418 1008 4468 Eodem
1037 4417 1116 4468 modo
1140 4416 1220 4466 Philo
1247 4417 1359 4466 Iudaeus

164 4502 247 4554 hiatus
273 4503 371 4553 vitandi
390 4519 467 4554 causa
485 4510 545 4571 post
569 4512 743 4555 consonantes
763 4497 835 4574 ίίχρι,
860 4513 920 4572 post
942 4505 1044 4556 vocales
1062 4507 1146 4575 μέχρι
1164 4504 1296 4562 adhibuit;
1325 4505 1357 4555 cf.

164 4591 320 4642 Buecheleri
341 4592 471 4643 Philonea
493 4609 558 4644 mus.
581 4593 671 4645 Rhen.
695 4609 755 4646 nov.
782 4610 831 4646 ser.
855 4594 908 4645 vol.
933 4594 1049 4644 XXXII
1072 4611 1097 4660 p.
1118 4606 1170 4658 434
1199 4601 1224 4644 et
1247 4593 1358 4642 Krebsii

164 4681 504 4748 Praepositionsadverbien
524 4681 549 4733 d.
571 4685 691 4747 spiiteren
711 4682 772 4735 hist.
792 4683 908 4733 Graeittt
927 4689 992 4750 part.
1005 4684 1042 4750 11,
1061 4699 1086 4748 p.
1099 4695 1123 4746 3.
