3292 5342
689 334 895 409 ÷47=

191 509 381 568 occultatum
402 507 457 566 fuit
479 504 622 574 tenebris,
643 522 717 562 num
739 523 801 580 qua
822 504 891 563 alibi
915 511 1037 564 exstent
1050 504 1185 581 vestigia,
1212 504 1388 582 circumspi-

190 611 336 668 ciendum
358 609 414 668 erit
425 604 445 668 ¹.
490 607 524 666 In
552 607 611 664 isto
637 623 708 662 vero
735 605 844 664 horreo
871 605 1049 664 eruditionis
1073 606 1194 681 amplae
1216 615 1247 663 et
1269 608 1386 665 abstru-

191 729 247 770 sae
274 711 452 768 iabellarum
475 708 596 783 copiam
617 703 689 764 κατὰ
710 707 845 784 στοιχεῖον
868 707 1019 780 digestam
1047 707 1140 764 fuisse
1162 715 1196 764 ut
1219 709 1388 778 credamus

192 813 284 871 facile
306 811 486 868 adducimur
496 805 517 870 2.
552 808 688 881 Quodsi
710 824 813 865 verum
829 815 883 876 est,
905 825 973 865 cum
996 809 1036 866 de
1050 807 1140 866 Batto
1164 808 1223 866 iam
1245 811 1277 868 in
1290 811 1387 885 primo

190 914 268 972 libro
284 911 400 970 dictum
422 910 520 979 suerit,
543 909 636 967 totius
659 907 759 983 operis
775 908 907 966 ambitus
930 915 1001 966 octo
1024 907 1086 964 iere
1106 909 1197 966 libros
1214 911 1387 985 complexus

192 1031 263 1073 esse
285 1013 417 1072 videtur.

291 1113 453 1188 Ingentem
480 1119 583 1170 autem
608 1109 795 1168 Graecarum
818 1108 987 1168 fabularum
1016 1107 1041 1165 si
1063 1110 1304 1184 contemplamur
1324 1129 1389 1168 mo·

194 1217 263 1295 lem,
286 1231 378 1291 quam
400 1221 523 1271 centum
545 1211 697 1270 mehercle
718 1211 783 1270 libri
798 1209 956 1268 continere
978 1226 1041 1268 non
1063 1218 1237 1289 potuerunt,
1260 1211 1389 1270 scholia·

192 1324 272 1376 stam
295 1315 443 1392 Pamphili
464 1332 523 1390 ope
545 1313 668 1389 saepius
690 1313 869 1370 destitutum
892 1329 1040 1370 essenon
1062 1319 1109 1370 est
1132 1313 1218 1387 quod
1239 1314 1388 1376 miremur.

191 1418 230 1476 Id
258 1417 421 1476 scholiasta
452 1410 544 1492 perri
579 1415 796 1490 compendium
825 1415 857 1492 (i.
882 1431 909 1473 e.
942 1398 1041 1491 οὐδέν)
1069 1414 1181 1472 diserte
1207 1414 1389 1491 aliquotiens

191 1517 370 1593 significavit
383 1514 404 1579 ³.
437 1517 544 1594 Neque
561 1517 596 1576 ,ei
618 1533 698 1591 quae
721 1515 914 1592 quaesiverit,
935 1515 1001 1590 ipsa
1024 1534 1042 1573 a
1065 1515 1223 1591 Pamphilo
1245 1517 1390 1592 suppedi-

193 1625 260 1677 tata
281 1635 351 1676 esse
373 1619 507 1676 elucete
527 1616 652 1691 scholio,
674 1618 760 1692 quod
780 1618 822 1675 ad
844 1625 985 1676 octavam
1007 1615 1137 1691 aspersit
1147 1615 1300 1674 Parthenii
1321 1635 1389 1674 nar·

191 1714 381 1778 rationem4:
406 1711 511 1796 ἱστορεῖ
523 1713 728 1794 Ἀριστόδημος
749 1710 917 1788 &Nesseis
936 1711 968 1776 ἐν
989 1711 1017 1773 n'
1040 1709 1169 1792 ἱστοριῶν
1190 1711 1389 1794 περὶτούτων,

191 1815 271 1898 πλὴν
302 1814 344 1877 ὅτι
365 1815 399 1878 τὰ
420 1807 549 1894 ὀνόματα
577 1806 756 1890 ὑπαλλάττει,
782 1813 845 1876 ἀντὶ
864 1811 1010 1894 Ἠρὶτττιης
1029 1818 1126 1876 καλῶν
1148 1815 1178 1874 Γ
1173 1814 1316 1894 adripias,
1343 1814 1390 1877 τὸν

191 1916 224 1980 δὲ
252 1908 405 1997 βάρβαρον
431 1912 588 1996 Καυάραν.
632 1920 673 1977 At
699 1927 803 1976 tamen
829 1935 1023 1994 summopere
1055 1918 1227 1976 cavendum
1258 1926 1315 1988 est,
1349 1937 1390 1977 ne

192 2021 403 2080 Alexandrino
430 2021 613 2096 imputemus
644 2020 843 2094 grammatico
878 2019 1051 2078 socordiam
1082 2019 1265 2081 litteratoris.
1309 2017 1388 2078 Nam

192 2124 278 2199 quod
302 2123 342 2180 ad
370 2122 532 2199 plerasque
560 2121 688 2179 fabellas
713 2120 868 2180 Parthenii
895 2129 926 2178 et
956 2137 1063 2180 omnes
1085 2120 1232 2178 Antonini
1264 2137 1390 2197 quarum

191 2225 295 2299 plures
318 2223 484 2282 afferuntur
507 2231 656 2298 auctores,
679 2239 829 2297 nusquam
855 2238 944 2278 verus
967 2221 1089 2280 fabulae
1112 2229 1217 2278 auctor
1239 2240 1258 2279 a
1281 2223 1389 2280 ceteris

192 2325 245 2400 qui
268 2324 375 2382 similia
390 2324 580 2393 rettulerunt,
597 2323 794 2398 scriptoribus
817 2322 1008 2396 disiungitur,
1031 2322 1103 2380 nolo
1119 2321 1191 2380 vitio
1211 2323 1286 2380 verti
1299 2321 1388 2381 Pam-

293 2571 305 2608 ¹
322 2574 435 2624 Exstant
452 2575 479 2622 ni
497 2571 584 2632 fallor,
602 2571 673 2620 haud
692 2587 773 2636 pauca
793 2577 818 2620 et
836 2571 865 2620 in
879 2569 986 2621 scholiis
997 2569 1159 2634 Vergiliauis
1178 2577 1205 2623 et
1222 2570 1250 2621 in
1263 2571 1391 2621 Lactantii

193 2663 240 2730 qui
253 2668 370 2730 vocatur,
384 2661 529 2712 fabularum
543 2659 742 2712 narrationibus.
769 2663 858 2724 Atque
878 2659 911 2709 de
932 2657 1043 2710 scholiis
1054 2659 1214 2722 Vergilianis
1233 2675 1390 2726 quamquam

191 2750 362 2817 Pamphilum
383 2764 437 2800 non
455 2749 607 2807 nominavit,
627 2764 715 2798 verum
736 2749 883 2814 suspicatus
904 2747 1112 2798 estKuaaclrius
1130 2748 1179 2800 1.l.
1200 2749 1252 2813 p.8
1272 2765 1331 2800 anu.
1349 2761 1390 2810 10,

192 2841 269 2890 cuius
279 2839 360 2889 verba
372 2854 512 2906 apponam:
530 2837 657 2888 ‘cetemm
675 2837 741 2887 haec
760 2853 812 2888 una
830 2843 930 2887 tantum
950 2853 964 2887 e
984 2837 1058 2902 copia
1077 2837 1231 2886 tabellarum
1245 2837 1389 2888 remotissi-

192 2945 301 2996 marum,
320 2943 387 2994 quas
412 2933 438 2976 et
456 2927 561 2978 Servius
586 2934 612 2979 et
632 2925 735 2976 scholia
756 2926 802 2976 illa
820 2925 960 2978 memoriae
978 2925 1148 2978 tradiderunt.
1185 2927 1302 2992 persuasi
1325 2925 1389 2976 mihi

194 3033 286 3066 omnes
306 3033 336 3066 ex
356 3015 615 3066 transformationum
634 3014 794 3064 collectione
813 3031 828 3064 a
846 3015 903 3064 viro
922 3014 1001 3064 docto
1016 3015 1117 3064 Graeco
1131 3015 1251 3064 confecta
1267 3015 1390 3083 desump-

193 3113 232 3156 tas
251 3120 318 3158 esse.
355 3104 504 3170 praevalent
523 3103 657 3154 hominum
676 3102 834 3154 mutationes
853 3103 881 3152 in
899 3102 976 3152 flores
995 3097 1165 3168 arboresque'
1187 3118 1210 3156 e.
1230 3119 1256 3168 q.
1276 3119 1297 3154 s.
1325 3105 1392 3154 Lacr

193 3194 269 3244 tautii
288 3199 374 3243 autem
392 3193 553 3242 narrationes
572 3191 753 3243 commentarii
773 3192 907 3242 cuiusdam
927 3192 954 3241 in
968 3191 1059 3241 Ovidii
1080 3192 1309 3257 metamorphoses
1329 3208 1390 3242 con-

195 3281 286 3348 scripti
305 3280 431 3347 reliquias
450 3295 509 3330 esse
527 3287 556 3330 ut
573 3282 713 3330 Foerstero
732 3277 841 3346 (‘Raub
866 3280 913 3329 der
931 3273 1112 3346 Persephone‘
1138 3295 1164 3346 p.
1184 3280 1235 3342 289
1257 3285 1307 3346 sq.)
1330 3295 1389 3330 con·

196 3371 297 3431 cedam,
317 3371 476 3420 Graecorum
495 3376 632 3436 poetarum
651 3370 725 3420 velut
744 3371 896 3432 Phanoclis‚
915 3371 1032 3422 Hesiodi
1049 3370 1159 3420 aliomm
1178 3371 1328 3421 testimonia
1351 3372 1389 3421 ibi

192 3459 300 3509 laudata
319 3459 435 3509 secundo
455 3459 562 3525 quidem
591 3459 652 3510 loco
672 3461 705 3510 ad
723 3459 890 3526 Pamphilum
915 3459 1009 3520 redire,
1029 3459 1120 3510 nescio
1151 3475 1183 3509 an
1211 3475 1265 3510 non
1293 3466 1389 3510 temere

195 3548 332 3599 coniciam.

293 3632 306 3670 2
322 3637 443 3686 Eandem
456 3635 581 3686 rationem
600 3635 627 3686 in
645 3635 705 3686 aliis
725 3636 800 3685 libris
813 3635 922 3702 Pamph.
938 3642 1044 3686 secutus
1064 3642 1112 3698 est,
1132 3637 1211 3686 etiam
1226 3635 1390 3686 Phavorinus

194 3723 247 3778 1.1.
267 3725 384 3788 itaegit.
420 3725 469 3772 Est
488 3731 573 3776 autem
600 3725 629 3774 in
647 3725 745 3790 aprico,
766 3740 843 3790 quam
864 3725 942 3775 facile
963 3725 1039 3775 libris
1065 3726 1103 3776 ita
1122 3725 1248 3776 ordinatis
1277 3725 1316 3775 uti
1343 3741 1390 3792 po·

193 3812 291 3862 tuerint
309 3827 410 3872 omnes,
429 3828 540 3879 quorum
559 3813 685 3863 intererat
697 3820 819 3864 auctores
837 3813 864 3862 in
878 3812 990 3878 singulis
1004 3813 1125 3864 historiis
1142 3813 1300 3864 dissidentes
1311 3828 1389 3878 quam

195 3899 330 3950 celerrime
350 3916 516 3964 cognoscere.

294 3985 305 4022 ³
323 3989 403 4054 Quod
422 3989 455 4039 ab
468 3989 605 4040 Herchero
624 3989 642 4042 1.
661 3990 677 4042 l.
697 4006 722 4057 p.
743 4003 793 4056 307
813 3991 947 4056 cognitum
969 3997 1016 4043 est.
1053 3991 1122 4042 Nota
1142 3991 1210 4056 apud
1220 3989 1388 4040 Parthenium

194 4077 330 4143 quinquies
348 4075 395 4145 (ad
414 4077 485 4130 sabb.
508 4091 548 4138 10,
570 4091 610 4139 12,
631 4091 673 4144 3ο,
692 4091 733 4143 32,
754 4078 800 4148 36)
820 4086 934 4146 apparet,
955 4079 1025 4146 apud
1035 4079 1203 4128 Antoninum
1221 4094 1276 4128 earn
1298 4083 1390 4143 quater

194 4166 221 4215 in
240 4166 332 4216 codice
351 4165 404 4230 legi
422 4164 469 4233 (ad
487 4167 559 4220 labb.
582 4180 622 4232 14,
642 4181 684 4234 34,
700 4171 743 4232 36,
757 4181 806 4234 37,
826 4183 887 4218 num
907 4168 940 4217 ad
959 4167 1012 4218 lab.
1034 4168 1050 4217 6
1068 4166 1148 4216 tuerit
1170 4167 1241 4234 olim,
1260 4167 1311 4217 iam
1334 4181 1389 4217 non

193 4254 304 4304 iudicari
321 4251 428 4322 potest).
465 4254 544 4305 Omni
563 4255 643 4319 igitur
662 4264 751 4308 carent
769 4257 926 4323 ascriptione
940 4255 1075 4306 Parthenii
1096 4255 1167 4308 sabb.
1184 4267 1224 4319 17,
1235 4266 1278 4314 2ο,
1291 4267 1333 4315 21,
1345 4265 1388 4318 23,

195 4354 242 4407 243
264 4342 396 4392 Antonini
415 4342 487 4396 sabb.
506 4355 541 4406 40
564 4351 590 4394 et
615 4357 657 4409 41.
695 4345 774 4410 Quod
798 4344 957 4394 scholiastae
981 4359 1058 4412 quam
1079 4343 1248 4394 librariorum
1272 4343 1388 4392 incuriae

194 4431 258 4480 vitio
277 4437 379 4480 vertere
397 4431 496 4484 malim.
521 4432 651 4482 Nimirum
671 4433 743 4498 quod
761 4434 810 4483 ista
829 4433 998 4497 neglegentia
1016 4433 1171 4498 plerumque
1190 4432 1217 4481 in
1238 4430 1329 4481 vicinis
1347 4447 1389 4480 oc·

194 4519 271 4568 currit
290 4519 396 4586 sabulis,
415 4520 462 4570 ubi
481 4520 625 4571 scholiasta
643 4521 791 4572 dormitaret
809 4521 897 4581 tuisse,
917 4537 977 4572 meo
998 4523 1053 4572 iure
1071 4521 1210 4574 concludo.

292 4603 362 4659 4Cf.
384 4608 461 4657 etiam
480 4608 612 4658 Knaaclrii
631 4607 648 4661 l.
668 4607 686 4658 l.
706 4625 731 4675 p.
752 4609 776 4660 6.
