3292 5342
762 371 970 428 ..44-

269 539 310 598 ibi
331 548 380 598 est
400 539 441 596 de
462 539 703 616 metamorphosi
725 539 887 598 testudinis
910 538 1060 598 terrestris
1080 540 1240 598 annotatio
1262 559 1282 598 a
1296 541 1383 600 Boeo
1405 545 1471 601 uti-

269 657 329 716 que
356 639 463 710 aliena,
496 639 599 698 eidem
627 649 730 701 tamen
755 649 868 717 poetae
895 640 933 698 ab
957 639 1117 700 Athenaeo
1145 637 1318 700 obtrusai¹
1360 641 1470 703 Unum

267 757 349 799 nunc
371 742 495 820 addam,
516 758 578 817 quo
602 742 775 800 litteratoris
798 742 874 801 fides
897 742 928 799 in
949 742 1123 800 universum
1145 744 1354 801 commendari
1376 746 1467 803 vide-

268 839 348 904 tnr².
393 841 496 902 Etiam
517 861 578 901 una
601 843 775 918 eademque
798 843 822 900 si
850 843 987 919 proditur
1009 842 1118 913 fabula,
1147 843 1226 900 inter
1246 844 1345 903 varios
1368 846 1467 904 varia-

267 961 332 1002 rum
354 961 453 1002 rerum
474 953 616 1003 auctores
639 943 801 1018 diligenter
827 943 974 1004 distinxit.
1018 943 1088 1000 Hoc
1113 944 1144 1000 in
1170 945 1361 1004 narrationes
1383 963 1466 1021 quae

267 1053 337 1103 sunt
353 1047 394 1102 de
409 1045 546 1122 Byblide,
562 1045 645 1102 cadit
659 1043 856 1119 potissimum.
880 1043 1003 1102 Etenim
1017 1045 1059 1102 ad
1071 1033 1305 1104 Parthenianam
1317 1041 1390 1120 (lab.
1410 1043 1467 1120 rr)

267 1146 426 1204 annotavit
447 1139 555 1222 ἱστορεῖ
569 1133 777 1221 Ἀριστόκριτος
797 1141 862 1222 περὶ
876 1139 1016 1222 Μιλήτου
1037 1143 1086 1202 καὶ
1105 1139 1299 1216 Ἀπολλώνιος
1320 1138 1336 1203 ὅ
1357 1139 1470 1216 Ῥόδιος

268 1234 393 1305 Καύνου
414 1238 511 1322 κτίσει,
534 1246 575 1302 ad
590 1244 829 1302 Antoninianam
850 1239 923 1322 (fab.
936 1239 989 1323 30)
1013 1238 1119 1321 ἱστορεῖ
1140 1240 1304 1322 Νίκανδρος
1322 1239 1466 1322 impoten-

266 1341 363 1422 μέναιν
382 1340 421 1421 β’.
465 1345 600 1402 Tantum
622 1345 741 1404 interim
769 1346 809 1404 de
838 1345 899 1404 fide
921 1346 1149 1422 ascriptionum.

366 1447 429 1506 Iam
461 1447 503 1505 de
532 1447 648 1522 origine
681 1447 813 1504 breviter
848 1447 1013 1505 videamus.
1068 1446 1328 1506 Proficiscendum
1361 1456 1466 1506 autem

267 1555 316 1605 est
347 1567 365 1605 a
392 1547 508 1606 scholio
539 1549 675 1606 omnium
706 1548 953 1624 locupletissimo,
986 1565 1047 1624 quo
1083 1549 1179 1623 quasi
1200 1548 1332 1607 alienam
1359 1556 1467 1606 osten·

268 1656 333 1707 tare
368 1649 538 1708 doctrinam
571 1651 723 1726 puduerit,
758 1651 906 1708 litterator
939 1650 988 1708 cni
1015 1649 1128 1708 debeat
1155 1667 1233 1718 earn,
1260 1649 1398 1726 prodidit
1424 1651 1467 1708 ad

270 1750 417 1808 Antonini
450 1751 656 1810 narrationem
693 1752 870 1828 vigesimam
906 1751 1038 1811 tertiam:
1074 1744 1180 1827 ἱστορεῖ
1214 1745 1378 1826 Νῖκανάρσς
1407 1744 1466 1810 ἓτε-

267 1845 445 1929 ροιουμένων
473 1847 501 1909 α’
526 1852 576 1912 noi
594 1847 730 1924 Ἡσίοδος
756 1849 787 1911 ἐν
817 1849 958 1931 μεγάλαις
984 1847 1097 1924 Ἠοίαις
1119 1849 1168 1910 καί
1195 1845 1382 1929 Διδάμαρχσς
1411 1871 1466 1926 με·

268 1947 482 2030 ταμσρφάσεαιν
510 1955 536 2030 γ’
568 1951 617 2012 καὶ
640 1948 803 2032 Ἀιαίγονος
833 1949 867 2012 ἒν
894 1956 956 2024 ταῖς
991 1941 1157 2012 ἀλλσιάσιοι
1191 1950 1240 2010 καὶ
1272 1947 1468 2022 Ἀπολλώνιος

269 2047 285 2111 ὃ
312 2048 421 2125 Ῥόδιος
453 2049 485 2112 ἐν
515 2047 739 2132 ἐπιγράμμασιν,
769 2047 806 2124 ὥς
839 2071 908 2132 φησι
940 2042 1101 2131 Πάμφιλος
1131 2049 1163 2111 ἒν
1193 2047 1230 2114 α’.
1275 2051 1467 2112 Dubitationi

269 2155 316 2212 vix
349 2153 516 2212 obnoxium
545 2163 602 2223 est,
632 2155 704 2230 quin
736 2156 775 2212 de
803 2154 960 2231 Pamphilo
991 2155 1149 2213 notissimo
1179 2154 1231 2212 illo
1264 2153 1465 2229 grammatico

270 2255 477 2314 Alexandrino
500 2257 698 2334 cogitandum
722 2258 770 2316 sit.
815 2256 909 2314 Porro
931 2257 1062 2314 maxime
1084 2255 1242 2332 probabile
1265 2264 1367 2314 cetera
1389 2273 1465 2331 quo-

270 2373 330 2431 que
352 2353 552 2415 testimonia³
576 2359 618 2416 ad
648 2359 782 2416 eundem
812 2359 909 2415 redire
932 2357 1170 2434 grammaticum.
1215 2354 1373 2414 Difficilior
1394 2373 1466 2414 vero

270 2458 310 2514 de
332 2457 527 2534 inscriptione
550 2459 689 2534 quaestio
705 2467 752 2516 est
767 2459 832 2516 libri
845 2458 1012 2535 Pamphilii,
1037 2475 1129 2536 quam
1151 2477 1170 2516 a
1192 2457 1358 2515 scholiasta
1374 2457 1466 2515 omis-

271 2575 336 2616 sam
358 2575 425 2617 esse
448 2559 596 2618 dolemus.
641 2559 680 2616 Et
708 2577 816 2635 reapse
843 2560 1139 2635 metamorphosibus
1172 2558 1351 2634 colligendis
1374 2557 1463 2616 Pam-

270 2657 386 2735 philum
407 2677 536 2718 navasse
559 2677 684 2735 operam
713 2661 799 2718 testis
823 2669 870 2718 est
891 2661 1027 2719 Galenus
1050 2657 1123 2734 (vol.
1146 2659 1190 2718 XI
1211 2677 1239 2736 p.
1258 2673 1315 2735 792
1341 2677 1386 2736 sq.
1409 2661 1461 2720 ed.

270 2757 396 2838 Koba),
419 2761 470 2835 qui
484 2760 561 2820 illius
579 2761 619 2817 de
636 2759 737 2818 herbis
753 2761 844 2820 libros
860 2755 928 2839 (τὴν
943 2759 1007 2838 περὶ
1022 2763 1077 2820 τῶν
1097 2761 1227 2837 βοτανῶν
1249 2755 1463 2838 πραγματείαν)

271 2861 311 2918 ob
340 2861 437 2919 aniles
467 2879 542 2938 quas
564 2861 741 2919 inseruisset
764 2861 883 2921 fabulas
911 2871 942 2920 et
971 2861 1247 2938 metamorphoses,
1270 2860 1464 2920 acerbissime

271 2961 440 3021 insectatus
465 2970 522 3020 est.
568 2962 675 3038 Itaque
700 2961 943 3022 Wilamowitzius
968 2964 1009 3022 vir
1031 2981 1166 3022 summus
1194 2965 1225 3021 in
1249 2963 1322 3020 libro
1346 2961 1397 3038 qui
1418 2961 1464 3019 in-

273 3063 412 3122 scribitur
423 3063 595 3139 Antigonus
618 3083 678 3122 von
695 3063 839 3142 Carystus
861 3085 891 3142 p.
909 3081 977 3142 171,
1000 3065 1147 3124 scholium
1158 3065 1204 3120 vel
1226 3065 1326 3139 potius
1349 3063 1465 3122 scholia

273 3163 479 3224 Antoniniana
502 3183 540 3224 err
562 3165 612 3224 illo
635 3164 783 3241 Pamphili
804 3167 880 3224 libro
902 3167 1085 3242 deprompta
1106 3184 1173 3226 esse
1195 3164 1354 3224 contendit
1362 3160 1384 3222 4.
1422 3164 1464 3222 At

273 3273 344 3324 sunt
372 3283 451 3341 quae
479 3275 648 3343 repugnent
675 3285 772 3345 eaque
799 3267 883 3328 haud
905 3269 990 3328 levia.
1040 3267 1128 3343 Opus
1154 3265 1301 3342 Pamphili
1329 3283 1392 3322 non
1420 3263 1464 3321 ita

272 3384 416 3442 magnum
439 3368 532 3426 luisse
555 3368 687 3426 videtur:
711 3369 856 3445 constitit,
880 3369 1024 3444 quoniam
1037 3365 1235 3427 Lobeclrius5
1257 3365 1464 3426 recteGaleni

372 3555 382 3593 ¹
401 3558 505 3610 Clandit
523 3561 590 3610 enim
603 3561 758 3612 Athenaeus
778 3561 893 3612 fabulam
913 3561 999 3613 hisce:
1018 3563 1150 3629 γενέσθαι,
1169 3558 1201 3611 δὲ
1220 3561 1292 3629 λέγει
1312 3560 1357 3622 (sc.
1373 3561 1465 3622 Βοῖος)

273 3644 302 3704 ἐξ
318 3639 397 3711 αὐτῆς
417 3645 464 3713 (sc.
483 3641 614 3718 Γεράνης)
634 3652 678 3702 καλ
698 3644 909 3720 Νικοδάμαντος
933 3646 981 3714 τὴν
995 3653 1130 3719 χερσαίαν
1147 3641 1278 3718 χελώνην.
1315 3649 1375 3698 Nisi
1399 3647 1465 3698 sorte

273 3734 423 3786 Athenaeus
442 3738 546 3806 λέγεται
569 3739 650 3800 dedit,
670 3741 736 3790 Boei
754 3739 955 3804 ornithogoniae
972 3739 1175 3807 χελωνηγονίαν
1192 3744 1221 3787 ut
1238 3735 1274 3787 ita
1293 3736 1385 3796 dicam,
1404 3751 1466 3785 con·

272 3821 370 3875 tribuit.
390 3824 475 3874 Miror
482 3827 649 3877 Knaackium
670 3828 792 3892 effugisse
806 3828 859 3878 tale
872 3827 936 3893 quid
956 3829 1065 3885 aBoeo,
1085 3827 1158 3891 qnod
1178 3831 1248 3876 esset
1265 3825 1394 3875 librorum
1407 3825 1465 3875 eius

273 3911 411 3961 consilium
430 3910 617 3974 (ciKnaackii
637 3917 654 3967 l.
667 3917 685 3967 l.
704 3932 729 3982 p.
740 3913 775 3979 9),
794 3916 890 3965 narrari
909 3931 963 3964 non
980 3915 1104 3980 potuisse.
1142 3913 1275 3963 Athenaei
1291 3919 1378 3964 autem
1396 3929 1466 3963 erro·

273 4015 325 4050 rem
343 4000 380 4049 ita
390 4002 503 4067 explico,
521 4010 550 4052 ut
568 4003 595 4052 in
613 4003 681 4052 libro
702 4019 780 4069 quem
800 4003 861 4054 satis
876 4002 1048 4066 neglegenter
1068 4001 1212 4068 exscripsit,
1232 4001 1266 4050 ad
1278 4001 1465 4067 praecedentia

272 4088 379 4138 relatum
397 4090 464 4139 Boei
482 4105 579 4140 nomen
596 4107 675 4156 prave
694 4092 771 4142 etiarn
789 4092 822 4142 ad
838 4091 999 4157 insequentia
1012 4090 1142 4157 pertinere
1157 4088 1304 4156 sumpserit.
1342 4087 1464 4138 Ceterum

273 4191 368 4226 nomen
387 4178 541 4243 exquisitius
563 4180 680 4230 Oenoarn
701 4181 775 4230 Boeo
795 4180 866 4230 haud
884 4180 1022 4244 indignum
1043 4194 1103 4229 esse
1121 4185 1195 4244 put0.

370 4260 383 4300 2
400 4267 433 4316 Id
451 4266 577 4317 Rohdins
597 4267 616 4318 l.
636 4267 654 4320 l.
673 4268 769 4320 omisit.

371 4349 382 4387 ³
400 4353 532 4420 Imprimis
553 4355 733 4406 Antoniniana
752 4356 820 4407 dien.

369 4438 473 4492 “Von
490 4443 591 4506 Belang
616 4444 651 4493 ist
680 4459 717 4504 es,
737 4444 798 4494 dass
824 4459 852 4494 es
870 4444 970 4495 wieder
988 4443 1154 4510 Pamphilus,
1175 4443 1285 4494 diesmal
1317 4443 1345 4492 in
1364 4442 1465 4492 seinem

271 4529 453 4595 alphabetisch
476 4532 639 4594 geordneten
667 4532 721 4582 und
752 4532 810 4583 sehr
836 4533 1010 4584 sabelreichen
1034 4531 1242 4584 Kriuterbuche
1269 4533 1312 4598 ist,
1343 4531 1390 4580 der
1417 4531 1468 4582 den

271 4616 382 4668 Dichter
402 4617 452 4682 (sc.
470 4618 635 4684 Antigonus)
654 4615 744 4674 citirt’.

370 4703 496 4758 ⁵Galeni
520 4709 598 4759 verba
617 4716 739 4775 corrupta
765 4726 790 4776 p.
813 4701 863 4774 794
893 4725 916 4761 u.
939 4721 953 4758 2
973 4725 1053 4766 ουτος
1081 4707 1136 4778 μὲν
1154 4707 1291 4777 ἐξέγραψε
1309 4707 1399 4775 βιβλία
1418 4709 1472 4758 Lo-
