3292 5342
883 1143 913 1216 Π

401 1365 548 1438 Quamvis
570 1363 726 1439 complura
752 1382 831 1440 quae
857 1363 918 1421 huc
939 1365 1101 1442 pertinent,
1130 1365 1191 1422 iam
1214 1381 1305 1442 supra
1327 1365 1496 1423 identidem

307 1468 468 1544 attigerim,
490 1467 531 1525 de
555 1465 707 1542 scriptoris
731 1483 872 1524 sermone
893 1467 986 1542 paulo
1003 1466 1097 1524 fusius
1120 1467 1354 1542 diligentiusque
1377 1467 1496 1543 discep-

302 1581 367 1628 tare
393 1575 557 1646 propterea
586 1585 700 1644 operae
726 1569 855 1644 pretium
878 1585 947 1626 esse
970 1569 1065 1626 visum
1092 1576 1148 1635 est,
1183 1569 1267 1644 quod
1289 1567 1363 1624 inde
1386 1569 1495 1625 aetatis

302 1691 363 1747 qua
386 1670 559 1728 Antoninus
579 1669 722 1740 floruerit,
746 1669 848 1728 adhuc
869 1687 992 1745 prorsus
1015 1669 1175 1744 ambiguae
1199 1679 1274 1727 nota
1298 1668 1430 1726 sortasse
1453 1669 1497 1726 in-

302 1773 395 1830 veniri
417 1780 531 1848 potest,
553 1780 584 1829 et
605 1772 753 1830 Antonini
775 1773 979 1830 elocutionem
1001 1789 1055 1848 per
1077 1789 1111 1829 se
1134 1772 1231 1846 ipsam
1253 1789 1317 1828 non
1338 1771 1497 1846 indignam

301 1891 371 1931 esse
393 1873 527 1932 intellexi
546 1873 576 1930 in
599 1891 690 1950 quam
712 1891 782 1931 cum
803 1873 953 1930 industria
972 1873 1200 1950 inquireremus,

401 1973 443 2032 Et
463 1983 498 2032 ut
518 1991 537 2032 a
558 1973 717 2031 verborum
740 1973 927 2049 supellectile
952 1973 1139 2049 incipiamus,
1162 1991 1180 2030 a
1201 1981 1361 2049 poetarum
1384 1973 1497 2049 compi·

302 2077 399 2134 latore
421 2076 530 2133 multas
552 2075 690 2151 poeticas
712 2082 875 2150 usurpatas
898 2091 966 2132 esse
989 2091 1081 2132 voces
1103 2091 1194 2132 nemo
1218 2073 1423 2131 demirabitur.
1451 2075 1498 2131 Ac

300 2193 341 2235 ne
363 2177 396 2234 id
418 2177 543 2252 quidem
564 2173 748 2243 mirabimur,
771 2175 857 2250 quod
878 2191 1001 2251 perrara
1028 2175 1144 2250 aliquot
1164 2183 1328 2233 occurrunt
1349 2175 1498 2230 vocabula

301 2286 333 2334 et
360 2276 601 2354 exquisitissima,
636 2274 737 2333 sontes
767 2275 874 2350 quibus
905 2266 1006 2334 ‘labra
1030 2263 1157 2352 proluit'
1178 2275 1316 2352 scriptor,
1352 2274 1497 2350 imprimis

300 2387 411 2454 poetas
439 2377 663 2436 Alexandrinos
690 2375 807 2434 fuisse¹
834 2378 859 2434 si
891 2379 1051 2436 nobiscum
1082 2377 1332 2453 reputaverimus.
1389 2377 1496 2449 Quare

301 2497 378 2537 sane
400 2497 479 2555 quae
505 2486 553 2537 est
578 2479 618 2535 de
645 2479 832 2554 temporibus
853 2479 1000 2537 Antonini
1028 2479 1241 2555 quaestionem
1263 2479 1497 2554 quodammodo

301 2579 440 2656 impediri
465 2588 599 2655 apparet.
645 2577 745 2636 Primo
774 2595 848 2654 ergo
875 2580 1020 2638 laterculo
1048 2597 1101 2638 eas
1126 2579 1158 2636 in
1187 2587 1356 2654 conspectu
1378 2596 1498 2654 ponere

301 2682 391 2739 liceat
415 2697 518 2750 voceS,
541 2697 621 2755 quae
643 2679 701 2736 nisi
722 2698 741 2737 a
763 2680 864 2756 poetis
887 2681 1011 2738 omnino
1034 2681 1191 2739 adhibitae
1214 2697 1367 2764 essenon
1390 2681 1496 2737 viden-

301 2791 350 2840 tur
362 2779 384 2844 2.
428 2781 510 2840 Ecce
533 2781 628 2839 verba
649 2798 669 2838 a
690 2781 826 2856 pedestri
849 2783 988 2840 oratione
1009 2782 1100 2858 plane
1123 2782 1223 2840 aliena
1236 2777 1262 2842 ³:

404 2878 432 2958 r)
455 2875 656 2960 διχόμυθος
676 2899 705 2956 p.
722 2896 791 2955 223,
813 2897 861 2956 29·
920 2881 1024 2941 Solon.
1045 2881 1149 2957 fragm.
1163 2897 1246 2956 42‚4
1269 2877 1365 2957 (quod
1389 2881 1496 2938 Soloni

217 3041 221 3048 ,
301 2983 457 3042 abiudicat
478 2982 635 3058 Berglrius,
657 2983 793 3042 Cobetus
816 2984 857 3042 ibi
878 2999 1039 3060 perperam
1066 2978 1227 3060 διχόθυμος
1249 2976 1396 3058 scripsit);
1425 2983 1498 3043 Eur.

302 3083 354 3144 Or.
377 3084 447 3160 890.

399 3281 410 3321 ¹
428 3287 524 3336 Utrum
543 3300 574 3336 ex
592 3284 654 3351 ipsis
675 3286 757 3352 poetis
775 3303 807 3337 an
831 3301 846 3336 e
868 3287 938 3336 tonte
958 3286 1111 3336 secundario
1131 3285 1281 3336 Antoninus
1306 3283 1428 3344 hauserit,
1453 3283 1498 3334 hic

299 3372 382 3423 nolim
401 3374 551 3424 decernere.

399 3457 411 3496 2
428 3461 496 3512 Dico
512 3462 643 3523 videntur,
654 3461 761 3525 longius
780 3463 849 3512 enirn
867 3471 895 3513 ut
911 3463 1116 3529 progrediamur,
1135 3477 1200 3527 quae
1219 3468 1257 3512 est
1274 3461 1302 3510 in
1320 3461 1369 3510 hac
1387 3475 1416 3510 re
1436 3461 1498 3511 sub-

299 3550 425 3600 sidiorum
445 3550 531 3599 adhuc
550 3556 638 3600 natura
661 3550 730 3600 haud
749 3551 883 3616 permittit.
924 3551 1045 3600 Adhibui
1065 3567 1128 3600 vero
1147 3556 1248 3616 praeter
1265 3550 1413 3600 thesaurum
1431 3551 1499 3600 Din-

300 3639 389 3689 dorfii:
417 3637 476 3688 The
496 3653 557 3688 new
576 3637 741 3702 Phrynichus
759 3637 795 3703 by
814 3637 989 3698 Rutherford,
1015 3639 1130 3688 indicem
1148 3638 1349 3688 Aristotelicum
1374 3638 1498 3698 Bonitzii,

298 3726 409 3777 Diodori
427 3726 540 3776 indicem
553 3743 568 3776 a
580 3725 762 3794 Wesselingio
782 3726 937 3784 consectum,
956 3725 1060 3776 lexicon
1082 3727 1266 3777 Plutarcheum
1286 3726 1498 3792 Wyttenbachii,

298 3816 383 3882 Pappi
401 3814 576 3865 Alexandrini
591 3814 802 3865 ...Graecitatis
820 3815 930 3864 indicem
950 3817 1017 3868 conf.
1038 3816 1159 3876 Hultsch,
1179 3815 1365 3865 vocabulorum
1383 3831 1450 3880 quae
1469 3816 1497 3864 in

298 3903 439 3954 Iamblichi
465 3903 498 3953 de
524 3902 576 3952 vita
598 3901 774 3968 Pythagorica
787 3898 867 3952 'libris
885 3903 1007 3966 leguntur
1024 3905 1179 3954 laterculum
1205 3920 1281 3971 quem
1301 3903 1411 3954 editioni
1436 3920 1498 3953 suae

298 3991 402 4042 addidit
416 3991 561 4052 NauckiuS,
575 3991 682 4041 lexicon
705 3991 865 4041 Lucianeum
878 3992 987 4052 Reitzit
1001 3993 1119 4042 Reimari
1137 3993 1323 4043 vocabulorum
1341 4008 1405 4058 quae
1425 3993 1497 4058 apud

298 4081 416 4131 Cassium
429 4081 540 4131 Dionem
559 4085 695 4131 occurrunt
715 4079 876 4147 laterculum,
890 4080 993 4130 Wahlii
1013 4081 1111 4132 clavem
1129 4082 1190 4131 Vet.
1209 4081 1279 4133 Test.
1299 4061 1497 4147 philologicam‚

297 4169 399 4220 lexicon
409 4169 478 4222 Nov.
487 4170 558 4220 Test.
578 4175 682 4218 auctore
693 4168 801 4228 Grimm,
811 4168 926 4219 Veitchii
937 4169 1017 4232 greelr
1035 4169 1110 4220 verb.
1128 4170 1262 4237 irregular‚
1278 4169 1365 4219 Greek
1377 4170 1498 4219 Lexicon

298 4259 330 4308 ol
344 4258 390 4308 the
409 4259 518 4308 Roman
536 4264 585 4307 etc.
604 4257 715 4306 Periods
734 4257 770 4323 by
788 4257 819 4310 E.
840 4258 877 4307 A.
898 4257 1052 4324 Sophocles.

398 4341 410 4380 ³
427 4345 558 4396 Nimirum
578 4345 716 4412 scriptores
736 4347 781 4412 qui
793 4347 885 4396 Ionica
901 4345 1041 4396 utebantur
1060 4345 1180 4406 dialecto,
1199 4347 1248 4396 sub
1268 4347 1378 4396 eandem
1399 4348 1499 4397 cadunt

298 4432 434 4497 rationem3
454 4433 545 4484 nescio
560 4434 647 4497 igitur,
659 4449 692 4484 an
704 4434 755 4484 huc
768 4435 896 4500 pertineat
908 4435 984 4484 etiam
999 4429 1126 4502 αἰγυπιὸς
1142 4433 1179 4499 (p.
1190 4435 1250 4500 206,
1263 4434 1306 4500 17)
1324 4435 1378 4484 avis
1389 4451 1497 4496 nornen,

299 4522 333 4571 de
359 4537 413 4588 quo
432 4520 528 4571 Suidas
546 4521 612 4572 dicit
630 4515 770 4590 ulyomov·
790 4515 874 4579 virore
900 4523 926 4572 οἱ
944 4522 1063 4588 παλαιοί,
1081 4515 1138 4571 ἀλλ’
1168 4514 1199 4573 οὒ
1221 4520 1296 4589 γῦπα
1315 4519 1359 4586 (cs.
1379 4524 1497 4574 Ruther-

299 4610 367 4664 sord.
381 4611 399 4664 l.
416 4610 434 4662 l.
450 4627 475 4676 p.
494 4623 525 4673 19
547 4627 587 4662 au.
607 4610 642 4680 3),
663 4618 749 4662 tamen
768 4628 827 4662 cum
845 4628 871 4679 p.
888 4623 948 4671 222,
969 4611 1000 4660 16
1023 4605 1082 4678 γὺψ
1107 4627 1213 4678 quoque
1232 4617 1258 4660 et
1278 4613 1364 4678 ipsum
1383 4613 1410 4662 in
1429 4614 1498 4664 Boei

298 4700 446 4750 narratione
465 4707 590 4760 occurrat,
607 4700 701 4750 rectius
721 4701 830 4750 tortasse
848 4701 914 4749 duas
936 4699 1127 4762 distinguemus
1145 4699 1274 4752 volucres,
