3292 5342
762 336 946 394 ..3-

259 523 358 582 tiones
381 540 451 580 vero
474 523 625 580 adunam
647 522 712 580 lere
729 541 838 582 omnes
860 523 903 581 sic
924 521 1088 598 incipiunt:
1114 515 1223 600 ἐγένετο
1245 522 1292 579 vel
1313 515 1379 606 ᾤκει
1404 522 1452 579 vel

258 618 426 702 ἐβασίλευσε
453 623 502 682 hic
528 623 577 682 ille
602 623 634 682 in
660 623 718 682 hac
743 623 795 681 illa
824 631 905 682 terra
931 641 971 684 ne
992 617 1060 681 ποτὲ
1080 622 1205 702 quidem
1230 622 1347 681 addito.
1391 621 1451 679 De·

260 724 333 784 iude
355 727 485 804 φανῆναι
509 742 567 782 vox
589 726 628 784 ab
650 740 707 781 usu
730 722 878 800 loquendi
900 723 1062 782 abhorrete
1084 723 1203 782 videtur
1218 722 1379 798 scriptoris¹
1403 723 1453 798 qui

262 825 339 884 dixit
363 843 438 884 sane
459 843 490 902 p.
514 838 583 900 237,
610 837 648 899 25
670 818 812 902 ἐφάνη..
833 815 976 902 ,ἀλώπηξ
1002 832 1035 882 et
1062 843 1091 902 p.
1112 839 1183 902 212,
1205 837 1244 897 25
1270 817 1450 903 ἐφάνη...

258 919 365 1007 χρῆμα
386 919 497 996 λέονιος
505 920 526 996 1,
550 925 591 982 de
613 923 786 984 hominibus
808 932 912 982 autem
934 943 998 982 non
1019 925 1166 986 adhibuit.
1197 924 1291 984 Porro
1309 943 1372 983 non
1387 925 1452 983 sine

262 1028 432 1086 offensione
458 1020 506 1084 τὸν
532 1027 588 1104 γῆς
615 1033 676 1096 est,
710 1025 961 1101 quandoquidem
987 1023 1121 1102 Cecrops
1154 1043 1217 1084 non
1249 1021 1265 1084 ὁ
1300 1023 1362 1104 Γῆς
1385 1027 1453 1087 ie.

262 1130 341 1187 deae
373 1127 451 1186 lilius
486 1126 551 1196 suit,
579 1127 637 1184 sed
668 1118 823 1203 αὐτόχθων
856 1121 1011 1202 (Apollod.
1033 1127 1089 1194 III,
1116 1143 1161 1200 14,
1189 1123 1226 1204 ι),
1265 1128 1351 1187 cuius
1385 1128 1454 1186 loco

263 1227 373 1288 Graeci
400 1234 432 1284 et
458 1221 574 1310 γηγενὴς
598 1223 653 1298 (de
676 1225 814 1302 Cecrope
837 1225 929 1286 Diod.
951 1224 1009 1286 Sic.
1031 1227 1055 1295 1,
1079 1225 1132 1302 28)
1157 1236 1190 1286 et
1218 1230 1272 1306 γῆς
1291 1223 1456 1306 ἒκπεφοιιὼς

263 1326 347 1404 (Eur.
367 1327 432 1386 Ion.
456 1321 531 1402 542)
551 1326 709 1385 dicebaut:
744 1344 797 1386 eos
832 1323 848 1386 ὁ
877 1328 932 1404 γῆς
959 1343 1083 1402 quoque
1110 1327 1224 1386 dixisse
1252 1346 1316 1388 non
1346 1329 1455 1388 iuveni

262 1429 364 1489 Causa
390 1435 494 1486 autem
523 1444 578 1486 cur
598 1427 843 1488 additamentum
864 1427 1026 1502 glossatori
1048 1427 1131 1486 haud
1151 1429 1337 1505 superfluum
1359 1430 1455 1488 visum

261 1532 309 1600 sit,
330 1531 362 1587 in
382 1529 486 1604 aprico
508 1536 566 1588 est.
605 1527 749 1604 Periphas
773 1527 854 1586 enim
876 1545 946 1586 cum
966 1528 997 1586 in
1018 1545 1123 1604 regum
1136 1529 1306 1588 Atticorum
1328 1548 1456 1607 quorum

261 1631 389 1708 primum
412 1619 581 1706 Cecropem
605 1629 698 1688 fuisse
720 1629 810 1704 vulgo
832 1628 1138 1688 comminiscebantur
1159 1627 1209 1704 (cf.
1222 1629 1364 1706 Apollod.
1381 1631 1397 1687 l.
1410 1623 1456 1708 c),

262 1731 409 1792 laterculo
432 1732 568 1804 deesset,
589 1730 789 1807 interpolator
808 1730 852 1788 sic
876 1747 946 1788 eam
967 1728 1178 1790 difficultatem
1192 1749 1349 1789 removere
1364 1749 1456 1788 cona-

264 1843 313 1893 tus
334 1841 390 1904 est,
413 1841 447 1890 ut
470 1831 632 1910 Peripham
656 1830 862 1890 vetustissimo
884 1831 1082 1890 vetustiorem
1104 1849 1173 1892 esse
1195 1840 1365 1892 annotaret.
1398 1831 1457 1892 Ce-

263 1945 360 1994 terum
385 1932 550 2010 praeterire
581 1932 673 1990 nolim
698 1950 726 2007 p.
745 1947 814 2006 224,
836 1931 874 1990 28
896 1932 1053 2009 glossema
1075 1941 1206 2004 exstare,
1234 1933 1320 2010 quod
1347 1934 1458 1990 eadem

262 2036 381 2094 ratione
402 2031 471 2112 (per
484 2029 551 2110 πρὶν
567 2024 600 2110 ἢ)
615 2031 838 2108 agglutinatum
853 2040 899 2092 est
921 2033 1073 2108 scriptoris
1092 2035 1258 2096 contextui.

362 2155 392 2212 p.
407 2149 509 2212 207,2
532 2133 671 2212 legimus:
693 2129 769 2205 Ζεὺς
788 2128 819 2193 δὲ
841 2129 1002 2211 νεμεσήσας
1021 2129 1154 2212 ἐβούλετο
1181 2130 1238 2212 μὲν
1250 2184 1256 2198 .
1270 2181 1276 2195 .
1289 2131 1343 2213 τὴν
1363 2130 1458 2194 οἰκίαν

263 2232 393 2320 κεραυνῷ
415 2229 585 2314 συμφλέξαι,
607 2228 756 2312 δεηθέντος
777 2227 802 2292 δ’
822 2229 1005 2306 Ἀπόλλωνος
1022 2231 1068 2313 μὴ
1091 2229 1179 2295 αὐτὸν
1199 2230 1363 2297 ἀπολέσθαι
1384 2257 1457 2294 παν-

264 2330 405 2414 ώλεθρον,
433 2331 496 2396 ἐπεὶ
518 2337 655 2412 περισσῶς
676 2324 765 2394 αάιάν
785 2329 880 2412 εἰίμα,
902 2336 982 2394 τοῦτο
1001 2331 1057 2414 μὲν
1071 2328 1234 2396 Ἀπόλλωνι
1255 2333 1363 2407 δίδωσι,
1385 2333 1459 2408 Ζεὺς

264 2434 291 2496 δ’
320 2432 418 2496 ἐλθὼν
447 2437 503 2498 κτλ.
547 2436 584 2494 In
616 2437 725 2513 quibus
757 2437 821 2494 duo
849 2436 920 2496 vitia
954 2437 1088 2496 eluenda
1114 2446 1194 2500 sunt.
1242 2426 1458 2499 ‘Accusativus

265 2526 518 2598 cum-infinitivo'
532 2547 604 2615 post
620 2534 737 2597 δεῖσθαι
751 2557 814 2596 non
829 2538 1005 2614 collocatur,
1027 2539 1085 2597 nisi
1105 2538 1241 2600 infinitivi
1265 2529 1464 2600 ‘subiectum’

262 2641 346 2699 idem
370 2627 558 2698 ‘obiectum'
580 2639 662 2698 verbi
686 2627 851 2714 ‘regentis'
872 2639 920 2716 sit,
952 2641 1038 2716 quod
1064 2649 1188 2700 vocatur
1199 2637 1221 2702 2.
1265 2641 1375 2719 Itaque
1402 2661 1457 2719 pro

264 2733 428 2802 ἀπολέσθαι
462 2758 523 2798 uua
552 2740 705 2798 exstincta
732 2739 861 2798 litterula
887 2740 997 2799 rectius
1024 2735 1163 2802 ἀπολέσαι
1179 2742 1381 2812 ιοιιιιιαλιίαιαε
1408 2738 1457 2820 (cf.

212 2883 213 2890 ι
236 2831 240 2836 ’
265 2840 419 2921 ἀεηθεῖσαν
441 2838 490 2899 καλ
511 2835 605 2918 αὐτὴν
627 2834 734 2918 ὄρνιθα
755 2837 877 2918 ποιῆσαι
898 2858 925 2900 ν.
939 2839 978 2914 8).
1014 2832 1152 2900 Alterum
1174 2843 1321 2900 mendum
1342 2852 1459 2919 pertur-

265 2945 339 3032 bpta
361 2943 556 3002 distinctione
578 2941 696 3001 illatum
721 2949 778 3019 est,
800 2943 886 3019 quod
909 2942 960 3018 qui
982 2961 1043 3002 uno
1066 2951 1173 3001 tenore
1197 2945 1288 3002 verba
1311 2945 1391 3023 leget
1413 2945 1458 3004 al-

264 3047 327 3135 lata
357 3045 404 3104 vel
432 3044 543 3104 invitus
575 3053 610 3104 ut
641 3045 757 3122 opinor,
782 3044 926 3120 corriget;
960 3063 1032 3104 nam
1060 3053 1113 3104 aut
1134 3045 1259 3121 egregie
1281 3043 1376 3115 fallor,
1407 3053 1461 3104 aut

264 3145 453 3234 itavtscpipslt
475 3145 661 3206 Antoninus:
697 3138 847 3223 δεηθέντος
872 3141 899 3202 δ’
921 3129 1104 3216 ’Λπόλλωνος
1127 3140 1173 3223 μὴ
1203 3139 1293 3204 αὐτὸν
1321 3138 1460 3206 ἀπολέσαι

174 3286 225 3320 ,,,
265 3240 463 3322 πηηώλοθρον,
491 3241 554 3305 ἐπεὶ
585 3248 724 3323 περισσῶς
750 3240 839 3304 αὐτὸν
865 3240 959 3321 ἐτίμα,
988 3248 1068 3306 τοῦτο
1094 3241 1151 3322 μὲν
1169 3239 1333 3304 Ἀπόλλωνι
1361 3241 1460 3305 δίδωσι

37 3425 39 3432 Α
265 3327 473 3422 Ζιύζῑάλθὼν
494 3342 520 3404 δ’
544 3343 585 3418 εἰς
604 3345 661 3408 κτλ.
706 3344 778 3418 Qua
808 3346 979 3405 mutatione
1005 3341 1082 3419 Ζεάς
1111 3364 1181 3406 eum
1208 3346 1327 3405 obtinet
1359 3332 1461 3406 locum

34 3429 50 3452 ⁹
67 3427 132 3456 ''k“
146 3449 160 3468 '¹
181 3427 195 3446 ⁴
266 3447 524 3524 quempobtinere
554 3455 794 3508 consentaneum
821 3455 877 3524 est,
912 3447 997 3506 cedit
1024 3465 1061 3506 ex
1083 3448 1134 3508 illo
1156 3467 1218 3524 quo
1240 3449 1461 3524 permolestum

265 3528 457 3624 est.„,Simili
489 3557 592 3608 autem
617 3551 711 3608 modo
740 3549 781 3607 ad
808 3547 900 3606 finem
925 3549 1096 3608 sententiae
1126 3549 1298 3608 subiectum
1325 3549 1460 3624 positum

266 3659 312 3710 est
333 3668 363 3726 p.
385 3666 454 3724 232,
476 3665 512 3707 22
531 3668 576 3727 sq.
603 3645 666 3709 inei
694 3647 719 3708 d
747 3645 838 3728 αὐτὴν
863 3643 1009 3727 ἐξήλασαν
1029 3644 1131 3726 ἄνδρες
1149 3644 1293 3725 βουκόλοι,
1327 3642 1403 3720 ὅπως
1423 3643 1460 3708 ἀν

266 3747 362 3822 αὐτοῖς
381 3744 409 3810 οἱ
429 3739 498 3824 βόες
516 3747 549 3810 ἐκ
570 3753 621 3829 τῆς
639 3745 744 3830 κρήνης
762 3746 874 3823 πίωσιν,
897 3745 1101 3810 ἀπαλλάττεται
1121 3746 1318 3810 καταλιποῦσα
1335 3747 1460 3829 τὴνΜε-

266 3847 344 3930 λιῗτην
366 3845 386 3929 ἡ
408 3839 506 3929 Λητώ.

168 3953 248 4018 sab.7
366 3950 455 4039 Nulla
473 3953 564 4033 peius
587 3970 678 4028 quam
701 3952 760 4014 lab.
784 3969 799 4029 7
823 3963 958 4012 aetatem
981 3955 1061 4014 tulit:
1089 3962 1135 4012 tot
1156 3953 1316 4013 cuiuslibet
1342 3955 1460 4030 generis

270 4052 488 4132 additamentis
505 4061 536 4110 et
557 4053 746 4112 emblematis
768 4054 916 4132 abundat,
940 4073 1019 4132 quae
1040 4073 1096 4130 pro
1119 4055 1191 4114 virili
1211 4063 1299 4131 parte
1314 4056 1460 4129 detegere

270 4154 614 4214 cummianus-nollem
644 4155 841 4216 studebimus.
885 4156 987 4232 Atque
1014 4157 1134 4215 levioris
1161 4156 1285 4232 quidem
1315 4157 1461 4215 momenti

273 4295 276 4302 ι
359 4286 362 4298 ⁸
394 4282 396 4296 ¹
456 4293 458 4299 ·
495 4293 497 4302 ι

270 4357 284 4388 ‘A'
301 4365 321 4386 Η
346 4345 349 4396 l
367 4363 422 4461 ¹³1).⁸
435 4347 499 4456 λιι,
509 4359 546 4458 ¹1¹9
565 4398 692 4466 φαίνεται
710 4396 782 4463 quod
801 4396 922 4464 legimus,
941 4397 969 4448 in
986 4397 1047 4449 loco
1067 4398 1156 4464 spufi⁰
1175 4397 1280 4462 legium
1301 4399 1334 4448 de
1354 4413 1406 4464 ‘1¹¹⁰
1424 4397 1461 4446 λη’

266 4483 306 4553 [ιη
317 4497 406 4565 ligii?
434 4537 453 4558 w
463 4536 471 4560 γ

365 4567 377 4606 ²
396 4572 435 4624 Cf.
454 4573 583 4624 Kuehner
602 4573 706 4625 Griech.
726 4575 838 4625 Gramm.
859 4570 903 4624 112
921 4571 1008 4642 §473‚
1021 4586 1045 4636 2,
1061 4588 1086 4638 4.
