3292 5342
748 377 952 436 -53..

250 553 459 612 narrationem
491 552 531 610 de
560 547 799 625 metamorphosi
821 547 1002 607 Teumesiae
1035 547 1131 626 vulpis
1164 549 1224 607 iam
1246 544 1446 608 Bastius1et

249 657 273 714 I.
297 655 336 715 G.
358 653 527 712 Schneider
557 671 576 709 e
598 651 753 709 Nicandro
776 649 918 708 haustam
939 667 1009 708 esse
1031 649 1165 709 arbitrati
1192 657 1263 708 sunt
1286 649 1352 708 Iulii
1374 650 1445 708 Pol·

250 757 326 816 lucis
347 755 409 813 nixi
430 743 623 813 testimonio²
644 749 687 830 (in
711 751 901 810 onomastico
924 751 962 825 V,
977 750 1018 825 38
1037 768 1080 826 sq.
1102 769 1132 826 p.
1154 765 1210 826 199
1226 747 1369 826 Bekker),
1391 752 1443 827 qui

251 876 334 934 quae
359 857 400 914 de
422 855 555 932 quinque
578 853 789 912 famosissimis
811 869 922 910 canum
944 853 1106 928 generibus
1129 851 1300 922 tradiderit,
1328 853 1368 910 ad
1391 851 1443 910 Ni·

250 959 401 1018 candrum
434 957 536 1015 omnia
565 956 664 1014 redire
686 955 800 1013 diserte
823 953 961 1012 affirmat.
1004 953 1084 1012 Nolo
1108 953 1320 1030 quaestionem
1352 971 1445 1030 quam

252 1061 293 1120 de
315 1059 404 1117 titulo
426 1057 491 1114 libri
506 1055 670 1114 Nicandrei
691 1055 851 1131 proposuit
867 1053 1045 1122 Schneider,
1067 1053 1116 1112 hic
1135 1050 1317 1132 resumeress,
1340 1053 1445 1113 etiam·

254 1160 280 1218 si
301 1167 333 1218 ut
355 1167 404 1217 est
425 1165 529 1216 nostra
552 1159 593 1215 de
615 1157 762 1214 Antonini
785 1155 920 1213 sontibus
943 1156 1103 1226 sententia,
1126 1155 1176 1214 hic
1198 1173 1320 1232 quoque
1342 1149 1445 1232 inspol-

251 1249 363 1337 ούμενα
395 1276 486 1337 quarn
519 1259 601 1317 aliud
623 1259 765 1341 volumen
797 1263 910 1332 poetae
946 1255 1152 1314 obscurissimi
1173 1256 1343 1332 inspexisse
1375 1274 1445 1314 eum

250 1369 386 1420 statuere
416 1355 527 1419 malo4.
570 1359 620 1418 De
642 1358 800 1417 Diomedis
830 1358 914 1416 obitu
941 1357 1102 1432 heroisque
1126 1359 1216 1417 sociis
1243 1365 1296 1417 aut
1317 1359 1360 1418 de
1383 1357 1444 1416 Bri·

252 1462 375 1520 tomarti
390 1461 579 1519 Nicandrum
600 1461 752 1518 rettulisse
775 1459 882 1535 quibus
902 1459 1023 1534 probari
1044 1459 1141 1534 possit
1157 1459 1327 1535 fragmenta
1350 1457 1445 1536 ipsius

251 1566 374 1642 desunt,
396 1572 499 1622 tamen
514 1561 660 1620 Antonini
682 1561 761 1620 labb.
777 1576 816 1637 37
840 1569 871 1620 et
895 1570 944 1634 4ο·
956 1560 1092 1619 indidem
1115 1561 1198 1619 unde
1220 1568 1338 1619 ceteras
1361 1567 1444 1618 ortas

250 1683 320 1724 esse
342 1664 478 1742 vidimus,
499 1663 648 1741 prodiisse
670 1663 835 1723 contendo,
870 1662 910 1719 Et
937 1662 976 1718 de
1000 1662 1103 1721 fabula
1122 1677 1164 1735 40
1186 1661 1363 1736 Schneider,
1393 1661 1446 1738 qui

250 1767 346 1826 etiam
361 1765 450 1824 finem
470 1764 651 1823 narrationis
667 1763 838 1822 felicissirne
853 1764 983 1822 restituit
1006 1759 1036 1839 (l.
1054 1782 1079 1824 c.
1099 1781 1128 1839 p.
1147 1778 1187 1838 70
1209 1782 1280 1824 ann.
1302 1762 1339 1840 τ),
1361 1763 1446 1820 idern

250 1867 356 1928 sensit.
400 1865 463 1923 Viri
486 1865 629 1942 singulari
649 1865 812 1924 eminentis
835 1865 975 1924 doctrina
1002 1873 1033 1922 et
1057 1863 1215 1939 diligentia
1237 1863 1330 1920 verba
1357 1859 1388 1940 (l.
1417 1882 1444 1924 e.

250 2055 283 2109 δὲ
301 2051 477 2126 Ἀμαλθείαν
495 2055 560 2124 αἶγα
577 2055 732 2124 Νίκανδρος
750 2051 818 2112 Διὸς
835 2049 941 2126 τροφόν
961 2070 1038 2125 φησι.
1076 2055 1193 2106 Coniciat
1218 2069 1280 2118 ergo
1301 2053 1394 2121 aliquis
1417 2053 1445 2102 in

249 2145 380 2198 Antonini
399 2151 523 2195 contextu
541 2137 637 2214 νύμφη
656 2145 727 2210 qnod
746 2144 788 2194 vel
805 2144 841 2194 ob
862 2144 927 2194 alias
947 2159 1037 2194 causas
1059 2149 1210 2212 suspectum
1230 2149 1278 2204 est,
1298 2143 1370 2194 uncis
1391 2157 1444 2193 sae·

250 2235 377 2302 piendum
396 2249 465 2294 esse,
484 2233 516 2286 ci.
537 2249 604 2300 quae
622 2240 745 2283 secuntur
763 2233 883 2300 opposita
901 2227 949 2297 τὴν
966 2229 1021 2300 μὲν
1039 2230 1103 2300 αἶγα
1115 2271 1121 2284 .
1133 2271 1158 2284 ..
1177 2226 1226 2283 τὸν
1243 2229 1275 2282 (λλ
1294 2222 1361 2283 κύνα
1380 2231 1435 2284 κτλ.

353 2317 364 2356 1
382 2321 467 2388 Epist.
484 2322 539 2374 crit.
559 2321 601 2372 ed.
620 2337 672 2374 sec.
691 2338 716 2388 p.
737 2333 797 2374 200.

351 2406 536 2478 ΞΝίκανδρος
555 2407 586 2460 ἀὲ
611 2403 824 2479 ὁΚολοφώνιος
851 2405 911 2466 τούς
932 2403 1060 2466 Ἰνδικοὺς
1086 2401 1167 2466 κύνας
1193 2400 1350 2475 ἀπογόνους
1376 2403 1447 2458 εἶναί

252 2513 323 2569 φησι
342 2495 395 2551 τῶν
418 2493 566 2556 Ἀκταίονος
587 2498 675 2551 κυνῶν
686 2537 692 2550 .
704 2536 710 2550 .
723 2538 729 2551 .
743 2491 836 2567 ὥσπερ
862 2500 907 2548 καὶ
926 2493 973 2556 τάς
992 2496 1133 2555 Χαονίτλας
1145 2537 1151 2550 .
1163 2537 1169 2550 .
1182 2535 1187 2548 .
1198 2488 1353 2564 ἀπογόνους
1376 2494 1448 2548 εἶναί

253 2601 323 2656 φησι
347 2581 425 2643 κυνὸς
452 2580 485 2638 ὃν
501 2579 812 2656 Ἧφαεστος...τλῶρον
837 2584 923 2638 ἔδωκε
943 2586 990 2638 Διὶ
1019 2579 1144 2642 κάκεῖνος
1164 2577 1291 2658 Εάρώπγ,
1319 2580 1385 2650 αὕτη
1413 2581 1444 2636 δὲ

253 2677 337 2742 Μίνῳ
363 2675 408 2726 καὶ
426 2676 524 2733 Μίνως
541 2666 676 2743 Πρόκριδι
699 2675 744 2724 καὶ
765 2666 887 2744 Πρόκρις
906 2666 1031 2743 Κεφαλλεμ
1069 2665 1155 2742 φύσιν
1179 2671 1209 2723 δ’
1235 2671 1309 2742 εἶχεν
1326 2664 1445 2743 ἀφνκτος

252 2761 329 2824 εἶναι,
353 2757 446 2832 ὥσπερ
480 2759 496 2827 ἡ
523 2765 663 2832 Τενμησία
685 2752 798 2828 ἀλώπηξ
819 2753 949 2827 ἀλητιτος·
982 2762 1028 2812 καὶ
1061 2757 1106 2812 dari
1128 2760 1205 2813 τοῦτο
1228 2754 1445 2827 ἀπελιάὠθτγσαν

252 2841 350 2920 ἀμφω,
369 2847 383 2902 ὁ
403 2847 512 2920 μὲνλνα
524 2846 565 2921 μὴ
584 2843 651 2922 λάβῃ
669 2845 718 2916 τὴν
730 2842 850 2916 ἄληπτον
869 2843 1005 2918 ἀλώπεκα,
1024 2846 1040 2914 ἡ
1060 2848 1085 2900 rl'
1100 2852 1143 2903 iva
1162 2847 1202 2920 μὴ
1222 2844 1296 2921 φύγῃ
1315 2845 1363 2903 τὸν
1376 2841 1444 2920 ἀφν-

252 2956 317 2993 κτον
339 2932 415 2992 κύνα.
452 2940 572 2990 Eandem
596 2940 734 2991 antithesin
760 2939 985 2990 animadvertimus
1015 2941 1085 3006 apud
1108 2939 1271 2990 Antoninum
1303 2955 1329 3006 p.
1349 2939 1443 3003 238‚4

251 3020 285 3094 ἦν
302 3027 334 3082 δὲ
347 3024 464 3099 θεμιτὸν
481 3019 541 3082 ούτε
559 3022 607 3094 τὴν
625 3021 752 3080 ἀλώπεκα
765 3026 974 3098 καταληφθῆναι
991 3021 1046 3080 ὑπό
1065 3045 1137 3086 τινος
1155 3023 1300 3086 διώκοντος
1318 3020 1377 3081 οὔτε
1395 3025 1445 3080 τὸν

252 3109 319 3170 κύνα
337 3115 468 3188 ἐκφυγεῖν
487 3109 658 3186 διωκόμενον
675 3111 765 3168 ούάίν.

352 3202 364 3240 ³
381 3207 413 3256 In
432 3206 474 3258 ed.
489 3205 549 3258 Nic.
571 3221 595 3272 p.
620 3217 667 3272 125
686 3221 735 3272 sq.‚
755 3203 908 3255 Schneideri
926 3211 1011 3256 autern
1030 3204 1178 3255 coniectura
1205 3205 1239 3254 de
1256 3204 1330 3256 libris
1348 3203 1443 3255 Nican-

253 3294 320 3345 dreis
339 3295 383 3360 qui
401 3288 569 3362 Κννηγεττκά
594 3293 637 3344 vel
656 3291 802 3362 Θηρεντικά
822 3293 941 3360 inscripti
960 3293 1063 3354 fuerint,
1081 3293 1157 3344 nimis
1175 3293 1272 3344 incerta
1291 3298 1338 3354 est,
1366 3309 1443 3360 quam

254 3383 295 3432 cni
314 3383 477 3434 subscribere
499 3382 638 3449 possimus.

350 3467 362 3504 ¹¹
379 3471 493 3521 Restant
511 3486 573 3520 sane
588 3469 703 3520 difficilia
722 3485 789 3537 quae
799 3471 915 3520 enodare
934 3485 988 3520 non
1006 3485 1124 3538 possum.
1161 3470 1265 3537 Nempe
1278 3473 1443 3522 statuendum

252 3559 300 3610 erit
310 3558 471 3608 Nicandrum
482 3558 628 3626 Cephaleae
647 3559 717 3608 canis
737 3557 845 3608 historia
864 3565 1009 3609 memorata
1028 3559 1105 3610 etiam
1123 3557 1150 3608 in
1169 3567 1310 3610 ceterarum
1330 3560 1443 3624 origines

251 3648 424 3716 inquisivisse,
438 3663 469 3698 ex
484 3648 578 3714 quibus
598 3647 671 3698 solae
680 3647 825 3698 Actaeonis
845 3663 922 3698 canes
944 3663 1002 3698 cnm
1022 3648 1226 3716 metamorphosi
1245 3649 1301 3699 erili
1318 3649 1443 3715 quodam-

251 3733 332 3787 modo
344 3735 525 3788 cohaerebant.
562 3739 647 3788 Porro
668 3737 738 3802 apud
749 3736 913 3787 Antoninum
934 3735 999 3786 nihil
1022 3737 1056 3788 de
1075 3737 1145 3787 canis
1163 3738 1245 3804 ipsius
1265 3737 1365 3801 origine
1383 3753 1443 3804 pro·

252 3823 345 3889 fertur‚·
365 3840 443 3890 quare
463 3825 571 3876 alterum
592 3832 678 3876 utrum
698 3825 881 3889 neglegentius
902 3825 987 3889 egisse
1005 3832 1133 3893 putamus,
1152 3827 1202 3876 nisi
1223 3827 1290 3877 sorte
1309 3826 1444 3876 Nicander

252 3912 293 3962 bis
312 3899 423 3964 eandem
449 3929 503 3964 rem
526 3914 631 3966 rettulit.
669 3915 748 3978 Quod
771 3915 875 3966 minime
894 3915 1077 3965 consuetudini
1096 3915 1256 3981 Colophonii
1277 3921 1371 3980 poetae
1399 3915 1443 3964 ad·

251 4002 347 4052 versari
359 4001 536 4069 Alexipharm.
554 4021 578 4056 v.
601 4002 649 4054 128
669 4019 707 4070 sq.
726 4011 751 4054 et
769 4003 887 4056 Theriac.
908 4020 931 4057 v.
952 4004 1003 4067 483
1025 4020 1063 4069 sq.
1094 4010 1120 4054 et
1138 4003 1267 4054 Antonini
1286 4004 1337 4056 fab.
1356 4015 1390 4066 24
1421 4004 1443 4054 si

250 4092 318 4141 inter
337 4106 364 4140 se
375 4093 575 4159 comparaveriS,
594 4091 708 4143 dilucide
721 4091 863 4158 apparebit.
893 4091 1076 4144 Cf.Foersteri
1094 4093 1188 4142 librum
1205 4088 1299 4142 ‘Raub
1320 4093 1367 4142 der
1380 4093 1442 4141 Per·

251 4173 376 4246 sephone’
398 4196 424 4246 p.
442 4180 476 4230 80
495 4197 552 4246 sqq.
590 4181 676 4244 Quare
695 4181 766 4248 quod
785 4197 810 4246 p.
835 4193 864 4245 17
886 4181 948 4232 diss
968 4180 999 4233 iv
1014 4179 1136 4248 Ἀστερία
1155 4183 1211 4247 (pro
1230 4179 1261 4232 ίν
1279 4172 1369 4248 Δήλῳ)
1384 4181 1441 4230 An·

250 4267 335 4318 tonini
362 4284 387 4334 p.
407 4280 467 4332 232,
488 4269 519 4318 18
547 4268 682 4318 Nicandro
711 4269 904 4336 imputavimus,
931 4269 1072 4320 secundum
1100 4267 1229 4320 scholium
1258 4267 1362 4334 quidem
1388 4270 1441 4335 Ap.

250 4355 343 4405 Rhod.
363 4357 377 4405 I
395 4372 419 4407 v.
438 4368 490 4419 419
510 4355 571 4422 (srg.
591 4369 604 4420 5
625 4357 667 4408 ed.
687 4356 841 4420 Schneider)
859 4355 1014 4424 Νίκανδρος
1032 4355 1063 4408 ἓν
1089 4348 1115 4406 α’
1134 4354 1189 4410 τῶν
1206 4354 1379 4409 Αἰτωλικῶν*
1397 4357 1442 4422 τῆς

251 4441 282 4494 ἒν
299 4443 420 4512 Αἰτωλία
435 4437 578 4512 Ὀρτυγίας
597 4446 667 4515 φησὶ
685 4440 733 4509 τὴν
751 4443 843 4510 Δῆλον
861 4439 1063 4514 ὀνομασθῆναι,
1082 4450 1167 4495 tamen
1187 4461 1253 4510 quae
1272 4445 1353 4513 paulo
1381 4453 1442 4512 post

251 4540 374 4582 secuntur
397 4535 442 4583 καὶ
472 4529 487 4598 ἡ
507 4532 595 4597 Δῆλος
622 4524 671 4585 οὖν
689 4527 740 4602 οὐχ
759 4530 794 4590 ως
812 4525 981 4602 μεμύθεντατ
1006 4527 1062 4584 ἀπὸ
1081 4532 1126 4598 τῆς
1143 4529 1289 4600 Ἀστερίας
1305 4549 1441 4602 μεταμορ-

251 4612 369 4688 φώσεως
386 4620 431 4685 τῆς
448 4621 554 4687 Λητοῦς
572 4616 694 4690 ἀδελφῆς
711 4622 765 4672 κτλ,
791 4623 826 4672 ob
854 4622 882 4671 id
899 4623 983 4688 ipsum
1004 4621 1063 4687 quia
1082 4622 1228 4688 expressius
1247 4623 1396 4683 refutantur,
1414 4624 1441 4672 in

252 4707 367 4760 eiusdem
387 4716 483 4776 poetae
500 4711 710 4763 heteroeumenis
727 4710 794 4762 lecta
813 4727 871 4762 esse
889 4710 1017 4762 videntur.
