3292 5342
766 351 953 408 ,4-

352 539 382 598 p.
404 535 508 596 203,9
540 519 653 580 Parcae
675 519 864 594 Meleagrum
887 517 1023 579 tamdiu
1047 535 1139 594 quam
1163 516 1264 576 fatalis
1287 518 1336 576 ille
1358 519 1452 594 stipes

254 629 397 699 exstaret,
420 621 449 679 in
474 622 535 679 vita
557 621 622 679 fore
645 619 794 690 cecinere,
817 615 864 697 ἐφ’
888 613 954 676 ὅσον
974 610 1011 676 ἄν
1032 610 1048 675 ὁ
1070 611 1157 688 δαλὸς
1178 612 1315 694 διαμένει.
1348 617 1454 676 Novis·

254 725 321 784 simi
336 721 472 784 Bastium
496 724 594 782 secuti
618 723 752 781 editores
767 721 1007 779 emendaverunt
1021 712 1160 793 διαμένω.
1191 720 1233 777 At
1254 720 1453 794 grammatica

257 826 329 902 quin
351 825 576 884 coniunctivum
597 831 714 901 poscat,
737 823 862 880 dubium
885 839 947 880 non
971 829 1026 880 est.
1066 819 1175 895 Neque
1198 821 1279 879 enim
1301 821 1454 898 optativus

256 926 289 984 in
310 945 344 984 re
365 927 531 1002 praeterita
546 945 615 984 curn
629 923 808 1001 pronomine
829 923 956 981 relativo
979 930 1010 979 et
1024 915 1060 979 ἄν
1081 921 1230 996 particula
1252 921 1452 1000 coniungitur,

257 1026 316 1084 nisi
340 1035 392 1084 aut
414 1028 475 1086 iam
497 1027 664 1103 praecessit
685 1023 837 1100 optativus
860 1031 913 1082 aut
935 1022 1055 1081 iteratio
1077 1021 1262 1097 significatur
1283 1015 1454 1101 (cfiKueh-

257 1143 313 1184 ner
328 1127 453 1188 Griech.
474 1128 607 1186 Gramm.
627 1121 677 1183 ΙΙ2
698 1125 714 1195 ἕ
731 1140 802 1200 594,
818 1141 848 1198 4.
865 1122 908 1200 4).

354 1247 383 1304 p.
405 1243 475 1302 203,
497 1244 530 1285 11
560 1220 848 1304 πένθος...έγένετο
871 1221 949 1301 παρὰ
969 1219 1179 1300 Καλυδωνίοις,
1200 1226 1232 1282 in
1254 1223 1300 1284 his
1322 1243 1453 1302 praepo-

254 1327 406 1400 sitionem,
434 1329 547 1404 quippe
577 1345 657 1403 quae
686 1335 817 1386 accentu
844 1334 948 1385 careat
969 1333 1001 1384 et
1022 1333 1137 1401 puncto
1159 1333 1267 1385 notata
1289 1326 1379 1384 sitin
1402 1345 1454 1384 co·

254 1430 331 1499 dice,
357 1429 489 1506 expungi
512 1429 649 1487 librarius
674 1429 774 1498 voluit,
792 1437 887 1488 recte.

353 1548 382 1604 p.
399 1543 468 1604 203,
490 1544 525 1601 15
556 1523 587 1586 ai
609 1524 641 1588 δὲ
658 1575 689 1588 ..
713 1522 866 1606 ,λέγονται
888 1522 995 1599 πένθος
1015 1523 1063 1586 tut
1082 1523 1250 1612 Μελεάγρῳ
1271 1523 1377 1608 φέρειν.
1418 1529 1454 1588 in

254 1631 426 1689 elocutione
454 1621 562 1700 πένθος
587 1624 686 1707 φέρειν
720 1647 800 1706 quae
827 1647 949 1705 prorsus
979 1629 1110 1687 barbara
1138 1639 1194 1708 est,
1221 1629 1357 1690 offendo.
1400 1629 1454 1688 Di·

257 1733 368 1791 cebant
402 1731 527 1806 quidem
554 1729 665 1788 Graeci
698 1731 861 1806 scriptores
893 1723 1001 1800 πένθος
1033 1729 1181 1788 ποιεῖσθαι
1208 1725 1258 1807 (cf.
1280 1750 1309 1807 p.
1328 1730 1397 1806 218,
1414 1747 1454 1789 20

255 1827 389 1910 μέγιστον
415 1824 587 1908 ἐποιήσαντο
617 1825 738 1902 πένθος)
767 1839 819 1888 aut
846 1824 954 1900 πένθος
981 1821 1144 1906 αἴρεσθαι1
1169 1829 1308 1908 (dequo
1334 1831 1372 1892 cs.
1393 1832 1454 1890 Lo·

255 1933 355 1990 beckii
378 1933 419 1991 ad
441 1931 532 2007 Soph.
549 1931 633 1990 Aiac.
653 1947 710 2006 129
734 1929 977 2003 annotationem)
1000 1940 1054 1988 aut
1076 1926 1185 2002 πένθος
1205 1927 1293 2010 δίγειν.
1331 1933 1372 1991 At
1387 1926 1454 1992 πέν-

255 2033 313 2105 θος
331 2051 400 2092 eum
421 2027 519 2112 φέρειν
537 2032 589 2108 qui
603 2033 645 2090 ita
668 2033 868 2104 coniunxerit,
892 2032 1045 2089 neminem
1067 2033 1140 2090 novi
1164 2045 1241 2094 sane
1256 2041 1380 2110 praeter
1391 2033 1454 2091 Sui-

255 2135 337 2207 dam,
367 2134 419 2209 qui
448 2133 572 2208 quidem
599 2133 671 2190 satis
703 2133 791 2190 simili
812 2133 908 2190 modo
936 2127 1022 2190 ἀνίαν
1043 2128 1141 2211 φέρων
1161 2134 1239 2191 dixit
1259 2129 1297 2211 (s.
1320 2153 1347 2194 v.
1367 2123 1454 2194 Ἰδλε-

254 2230 337 2311 μος);
361 2235 444 2292 unde
466 2243 569 2292 tamen
595 2233 753 2292 Antonino
774 2234 860 2291 cuius
881 2251 980 2292 sermo
998 2233 1071 2292 satis
1093 2251 1185 2309 purus
1208 2244 1239 2292 et
1261 2235 1453 2294 soloecismo·

254 2353 321 2394 rum
344 2335 484 2394 immunis
507 2342 554 2392 est
567 2329 589 2408 2,
612 2335 672 2392 tale
688 2335 765 2410 quid
785 2335 934 2410 imputare
955 2335 1058 2396 nolim.
1086 2334 1287 2394 Tolerabilius
1309 2329 1453 2414 φέρεσθαι

256 2436 390 2494 medium
414 2437 462 2513 sit,
484 2435 570 2512 quod
585 2435 616 2492 in
630 2433 797 2494 Phalaridis
821 2435 872 2511 qui
891 2444 1017 2494 vocatur
1039 2436 1168 2511 epistula
1190 2451 1228 2512 97
1253 2454 1323 2495 curn
1346 2431 1454 2508 πένθος

258 2536 301 2594 sic
324 2536 500 2612 copulatum
528 2553 594 2594 esse
622 2531 689 2611 (τὴν
709 2531 816 2614 ἀρετὴν
837 2539 887 2594 τοῦ
908 2531 1020 2613 γονέως,
1044 2531 1091 2614 ἐφ’
1115 2518 1143 2620 ῳ
1164 2556 1197 2615 γε
1219 2531 1250 2594 τὸ
1272 2530 1381 2607 πένθος
1401 2531 1450 2614 φέ-

255 2631 356 2714 ρεσθε)
379 2655 398 2693 e
423 2635 517 2693 Bastii
540 2635 635 2694 didici
655 2632 879 2695 annotatione³
901 2635 962 2708 (1.1.
979 2654 1007 2711 p.
1026 2633 1105 2711 109).
1145 2636 1253 2713 Itaque
1275 2637 1376 2694 donec
1398 2637 1452 2694 ali·

256 2737 329 2812 quid
343 2737 450 2794 melius
466 2745 618 2812 repertum
641 2737 689 2805 sit,
712 2745 819 2795 auctor
841 2737 895 2796 sim
917 2744 952 2793 ut
976 2737 1110 2811 legamus
1125 2730 1254 2815 λέγονται
1277 2731 1386 2807 πένθος
1403 2731 1452 2794 έπδ

254 2825 421 2920 Μελεάγρῳ
443 2831 583 2915 φέρεσθαι
602 2833 630 2910 4;
654 2831 752 2914 φέρειν
770 2846 873 2896 πολεων
896 2845 927 2894 et
949 2829 1092 2914 φέρεσθαι
1107 2854 1329 2913 saepenumero
1349 2837 1379 2894 in
1400 2854 1451 2894 co·

256 2938 374 2996 dicibus
397 2938 524 2996 confusa
548 2946 627 2996 sunt.
660 2937 705 2999 Cf.
729 2937 839 2996 Cobeti
859 2957 930 2998 nov.
951 2940 1018 2997 lect.
1040 2956 1069 3013 p.
1090 2936 1148 3008 568
1161 2954 1206 3014 sq.

355 3037 458 3097 Unum
493 3040 523 3096 in
556 3040 690 3098 secunda
720 3038 831 3098 fabella
859 3047 1007 3114 quantum
1042 3037 1142 3109 video,
1172 3048 1323 3115 superest:
1361 3038 1453 3096 verba

255 3141 402 3199 nonnulla
423 3141 553 3200 sirecte
569 3142 784 3216 interpretatus
807 3159 884 3217 sum,
906 3139 1035 3199 insiticia
1055 3140 1237 3216 expellenda
1260 3147 1340 3200 sunt.
1381 3139 1452 3198 Per-

257 3242 341 3316 legas
356 3242 446 3299 velim
462 3243 588 3300 alteram
603 3241 784 3300 narrationis
798 3250 925 3318 partem.
950 3239 1126 3316 Calydoniis
1138 3241 1268 3298 maxime
1280 3241 1453 3316 periclitan-

256 3343 334 3400 tibus
346 3342 503 3418 Meleager
518 3344 642 3401 tandem
661 3343 769 3401 auxilio
786 3343 877 3402 veuit.
913 3343 975 3400 Sed
989 3337 1113 3412 ἀναστὰς
1132 3337 1180 3400 έπῖ
1201 3337 1248 3400 τὸν
1265 3337 1383 3418 στρατὸν
1398 3344 1453 3400 τῶν

255 3433 420 3520 Κουρήτων
441 3442 489 3502 καλ
505 3437 588 3514 αὐτὸς
601 3432 794 3520 ἀποθνήσκει.
831 3443 912 3501 Tum
928 3445 968 3500 de
984 3442 1068 3500 fatali
1089 3443 1141 3501 illo
1157 3443 1240 3518 ligno
1260 3443 1385 3518 eiusque
1398 3461 1452 3502 na·

258 3551 326 3601 tura
347 3561 425 3620 quae
441 3562 534 3603 causa
556 3544 661 3602 mortis
683 3544 738 3602 fuit
755 3543 912 3620 Meleagri,
935 3561 1036 3602 sermo
1059 3552 1118 3603 est:
1143 3537 1308 3604 ἐπέκλωσαν
1328 3539 1384 3622 γὰρ
1405 3539 1453 3602 tut

255 3647 388 3702 τοσοῦτον
405 3639 491 3702 αὐτὸν
513 3638 633 3704 ἔσεσθαι
645 3633 763 3724 χρόνον,
782 3641 830 3722 ἐφ’
845 3639 910 3704 ὅσον
926 3637 962 3702 δν
978 3637 994 3701 ὃ
1010 3639 1097 3714 δαλὸς
1107 3638 1234 3726 διαμένῃ.
1267 3643 1324 3702 His
1338 3644 1452 3720 optime

256 3753 474 3804 annectuntur:
507 3743 557 3803 καὶ
579 3741 687 3817 πένθος
711 3742 760 3804 ἐπέ
781 3739 946 3828 Μελεάγρῳ
966 3739 1101 3822 μέγιστον
1123 3738 1231 3822 ἐγένετο
1254 3740 1454 3816 Καλυδωνίοις

253 3845 309 3904 κτλ.
337 3844 399 3904 Sed
415 3846 513 3904 codici
529 3846 553 3904 si
571 3846 663 3904 tidem
677 3846 835 3926 habemus,
856 3846 934 3904 haec
948 3847 1155 3906 intercedunt:
1179 3839 1331 3906 ἀπέθανον
1349 3840 1381 3904 δὲ
1403 3843 1452 3904 καλ

352 4055 364 4094 ¹
383 4058 423 4108 Cf.
434 4058 608 4109 elocutionem
619 4063 705 4117 νεῖκος
717 4063 851 4128 αἴρεσθαι,
864 4075 931 4128 quae
941 4060 983 4110 bis
997 4060 1110 4110 occurrit
1119 4076 1145 4126 p.
1154 4070 1213 4120 209,
1224 4059 1258 4108 26
1269 4066 1295 4109 et
1305 4075 1331 4125 p.
1341 4071 1451 4124 229‚23.

353 4142 365 4180 θ
384 4147 504 4197 Hercher
522 4147 540 4199 1.
550 4148 568 4197 l.
584 4165 610 4215 p.
627 4160 678 4212 317
696 4147 793 4198 ‘durch
812 4149 980 4212 eineMenge
998 4163 1051 4197 von
1063 4147 1177 4198 Glossen
1194 4147 1229 4196 ist
1248 4147 1291 4197 die
1310 4149 1451 4215 urspriing·

252 4234 323 4286 liche
343 4234 471 4285 Reinheit
490 4237 576 4286 seines
596 4236 677 4286 Stiles
695 4236 806 4287 vielsach
825 4236 970 4295 entstellt’;
990 4237 1052 4287 vide
1071 4241 1149 4302 caput
1168 4235 1278 4286 altemm
1298 4236 1362 4287 diss.

351 4319 363 4356 Β
381 4323 507 4374 Absurde
519 4324 643 4394 Kochips
657 4342 674 4392 p
697 4337 745 4392 115
762 4325 919 4377 elocutionis
938 4327 1043 4383 πένθος
1062 4326 1158 4394 φέρειν
1175 4318 1301 4375 ‘fontem'
1317 4340 1374 4375 esse
1388 4325 1451 4374 dicit

252 4411 386 4465 Theocrit.
405 4414 514 4473 XXVI,
536 4415 577 4466 26.

349 4497 363 4535 ⁴
380 4501 500 4565 Cogitavi
520 4501 554 4551 de
573 4504 683 4571 φαίνειν
702 4519 815 4571 quoque,
841 4510 932 4555 uotum
952 4503 1020 4554 enim
1042 4507 1082 4553 est
1101 4503 1178 4572 φέρω
1198 4508 1224 4552 et
1243 4503 1336 4571 φαίνω
1354 4499 1450 4551 millies

251 4590 387 4641 confundi.
423 4590 579 4641 Herodotus
597 4607 661 4641 vero
680 4607 758 4658 quem
776 4607 857 4658 saepe
875 4591 993 4643 imitatur
1009 4590 1173 4652 Antoninus,
1200 4590 1267 4640 dixit
1292 4589 1355 4657 (ΙΙΙ,
1373 4590 1406 4654 36
1425 4595 1452 4638 et

255 4677 314 4746 127)
332 4672 418 4747 ὕβριν,
438 4670 548 4732 εὔνοιαν
566 4682 684 4750 φαίνειν.
781 4681 782 4686 ’
