<?xml version="1.0" encoding="UTF-8"?>
<!DOCTYPE html PUBLIC "-//W3C//DTD XHTML 1.0 Transitional//EN"
    "http://www.w3.org/TR/xhtml1/DTD/xhtml1-transitional.dtd">
<html xmlns="http://www.w3.org/1999/xhtml" xml:lang="en" lang="en">
 <head>
  <title>
</title>
<meta http-equiv="Content-Type" content="text/html;charset=utf-8" />
  <meta name='ocr-system' content='tesseract 3.04.00' />
  <meta name='ocr-capabilities' content='ocr_page ocr_carea ocr_par ocr_line ocrx_word'/>
</head>
<body>
  <div class='ocr_page' id='page_1' title='image "./deantoninoliber01odergoog_0010.png"; bbox 0 0 3292 5342; ppageno 0'>
   <div class='ocr_carea' id='block_1_1' title="bbox 750 1219 766 1292">
    <p class='ocr_par' dir='ltr' id='par_1_1' title="bbox 750 1219 766 1292">
     <span class='ocr_line' id='line_1_1' title="bbox 750 1219 766 1292; baseline 0 0"><span class='ocrx_word' id='word_1_1' title='bbox 750 1219 766 1292; x_wconf 92' lang='lat' dir='ltr'>I</span> 
     </span>
    </p>
   </div>
   <div class='ocr_carea' id='block_1_2' title="bbox 159 1449 1580 3357">
    <p class='ocr_par' dir='ltr' id='par_1_2' title="bbox 269 1449 1455 1526">
     <span class='ocr_line' id='line_1_2' title="bbox 269 1449 1455 1526; baseline -0.006 -17"><span class='ocrx_word' id='word_1_2' title='bbox 269 1450 443 1509; x_wconf 86' lang='lat' dir='ltr'>Antoninus</span> <span class='ocrx_word' id='word_1_3' title='bbox 464 1458 628 1526; x_wconf 85' lang='lat' dir='ltr'><strong>postquam</strong></span> <span class='ocrx_word' id='word_1_4' title='bbox 640 1450 885 1509; x_wconf 85' lang='lat' dir='ltr'>Alcidamantem</span> <span class='ocrx_word' id='word_1_5' title='bbox 906 1449 996 1508; x_wconf 87' lang='lat' dir='ltr'>filiam</span> <span class='ocrx_word' id='word_1_6' title='bbox 1013 1467 1077 1508; x_wconf 90' lang='lat' dir='ltr'>non</span> <span class='ocrx_word' id='word_1_7' title='bbox 1091 1449 1290 1508; x_wconf 90' lang='lat' dir='ltr'>Hermochari</span> <span class='ocrx_word' id='word_1_8' title='bbox 1309 1450 1364 1508; x_wconf 90' lang='lat' dir='ltr'>sed</span> <span class='ocrx_word' id='word_1_9' title='bbox 1378 1454 1430 1506; x_wconf 87' lang='lat' dir='ltr'>sab.</span> <span class='ocrx_word' id='word_1_10' title='bbox 1444 1466 1455 1503; x_wconf 91' lang='lat'>1</span> 
     </span>
    </p>

    <p class='ocr_par' dir='ltr' id='par_1_3' title="bbox 164 1546 1361 1628">
     <span class='ocr_line' id='line_1_3' title="bbox 164 1546 1361 1628; baseline -0.002 -18"><span class='ocrx_word' id='word_1_11' title='bbox 164 1553 214 1610; x_wconf 84' lang='lat' dir='ltr'>alii</span> <span class='ocrx_word' id='word_1_12' title='bbox 236 1553 360 1610; x_wconf 90' lang='lat' dir='ltr'>cuidam</span> <span class='ocrx_word' id='word_1_13' title='bbox 381 1553 413 1608; x_wconf 93' lang='lat' dir='ltr'>in</span> <span class='ocrx_word' id='word_1_14' title='bbox 430 1552 654 1610; x_wconf 87' lang='lat' dir='ltr'>matrimonium</span> <span class='ocrx_word' id='word_1_15' title='bbox 676 1554 751 1610; x_wconf 90' lang='lat' dir='ltr'>dare</span> <span class='ocrx_word' id='word_1_16' title='bbox 773 1552 905 1610; x_wconf 88' lang='lat' dir='ltr'>voluisse</span> <span class='ocrx_word' id='word_1_17' title='bbox 927 1551 1049 1620; x_wconf 81' lang='lat' dir='ltr'>rettulit,</span> <span class='ocrx_word' id='word_1_18' title='bbox 1071 1550 1171 1628; x_wconf 79' lang='lat' dir='ltr'>pergit</span> <span class='ocrx_word' id='word_1_19' title='bbox 1192 1569 1221 1626; x_wconf 88' lang='lat' dir='ltr'>p.</span> <span class='ocrx_word' id='word_1_20' title='bbox 1237 1566 1307 1628; x_wconf 84' lang='lat'>202,</span> <span class='ocrx_word' id='word_1_21' title='bbox 1324 1546 1361 1608; x_wconf 80' lang='grc' dir='ltr'>ι1</span> 
     </span>
    </p>

    <p class='ocr_par' dir='ltr' id='par_1_4' title="bbox 163 1644 1363 1736">
     <span class='ocr_line' id='line_1_4' title="bbox 163 1644 1363 1736; baseline 0 -26"><span class='ocrx_word' id='word_1_22' title='bbox 163 1651 214 1711; x_wconf 77' lang='grc' dir='ltr'><strong><em>καὶ</em></strong></span> <span class='ocrx_word' id='word_1_23' title='bbox 234 1646 252 1734; x_wconf 80' lang='grc' dir='ltr'><em>ἢ</em></span> <span class='ocrx_word' id='word_1_24' title='bbox 274 1653 342 1722; x_wconf 87' lang='grc' dir='ltr'><strong><em>παῖς</em></strong></span> <span class='ocrx_word' id='word_1_25' title='bbox 360 1645 448 1710; x_wconf 74' lang='grc' dir='ltr'><strong><em>ἔθυεν</em></strong></span> <span class='ocrx_word' id='word_1_26' title='bbox 469 1647 501 1710; x_wconf 82' lang='grc' dir='ltr'>ἕν</span> <span class='ocrx_word' id='word_1_27' title='bbox 522 1655 562 1736; x_wconf 74' lang='grc' dir='ltr'>τῷ</span> <span class='ocrx_word' id='word_1_28' title='bbox 582 1653 633 1730; x_wconf 81' lang='grc' dir='ltr'>τῆς</span> <span class='ocrx_word' id='word_1_29' title='bbox 647 1646 816 1730; x_wconf 79' lang='grc' dir='ltr'><strong><em>Ἀρτέμιδος</em></strong></span> <span class='ocrx_word' id='word_1_30' title='bbox 836 1645 917 1736; x_wconf 78' lang='grc' dir='ltr'><strong><em>ἱερῷ·</em></strong></span> <span class='ocrx_word' id='word_1_31' title='bbox 936 1646 1074 1730; x_wconf 80' lang='grc' dir='ltr'><strong><em>χαλεπῶς</em></strong></span> <span class='ocrx_word' id='word_1_32' title='bbox 1094 1646 1126 1710; x_wconf 81' lang='grc' dir='ltr'>δὲ</span> <span class='ocrx_word' id='word_1_33' title='bbox 1147 1644 1244 1728; x_wconf 74' lang='grc' dir='ltr'><strong><em>φέρων</em></strong></span> <span class='ocrx_word' id='word_1_34' title='bbox 1257 1645 1363 1727; x_wconf 78' lang='grc' dir='ltr'><strong><em>Ἕρμο-</em></strong></span> 
     </span>
    </p>

    <p class='ocr_par' dir='ltr' id='par_1_5' title="bbox 159 1739 1362 1836">
     <span class='ocr_line' id='line_1_5' title="bbox 159 1739 1362 1836; baseline 0 -26"><span class='ocrx_word' id='word_1_35' title='bbox 159 1741 252 1831; x_wconf 87' lang='grc' dir='ltr'><strong><em>χάρης</em></strong></span> <span class='ocrx_word' id='word_1_36' title='bbox 271 1748 321 1812; x_wconf 75' lang='grc' dir='ltr'><strong><em>ε’ντδ</em></strong></span> <span class='ocrx_word' id='word_1_37' title='bbox 342 1755 380 1836; x_wconf 77' lang='grc' dir='ltr'>τῷ</span> <span class='ocrx_word' id='word_1_38' title='bbox 402 1746 501 1810; x_wconf 80' lang='grc' dir='ltr'><strong><em>τούτου</em></strong></span> <span class='ocrx_word' id='word_1_39' title='bbox 524 1749 694 1829; x_wconf 81' lang='grc' dir='ltr'><strong><em>διαμαρτεῖν</em></strong></span> <span class='ocrx_word' id='word_1_40' title='bbox 715 1753 771 1812; x_wconf 84' lang='grc' dir='ltr'><strong><em>κτλ.</em></strong></span> <span class='ocrx_word' id='word_1_41' title='bbox 799 1741 865 1810; x_wconf 86' lang='lat' dir='ltr'>‘Ad</span> <span class='ocrx_word' id='word_1_42' title='bbox 885 1739 1002 1811; x_wconf 70' lang='lat' dir='ltr'>wtimu&#39;</span> <span class='ocrx_word' id='word_1_43' title='bbox 1023 1752 1066 1810; x_wconf 88' lang='lat' dir='ltr'>ait</span> <span class='ocrx_word' id='word_1_44' title='bbox 1081 1751 1216 1811; x_wconf 92' lang='lat' dir='ltr'>Kochius</span> <span class='ocrx_word' id='word_1_45' title='bbox 1239 1749 1280 1830; x_wconf 76' lang='lat' dir='ltr'>(p.</span> <span class='ocrx_word' id='word_1_46' title='bbox 1305 1767 1362 1827; x_wconf 87' lang='lat'>104</span> 
     </span>
    </p>

    <p class='ocr_par' dir='ltr' id='par_1_6' title="bbox 165 1842 1361 1930">
     <span class='ocr_line' id='line_1_6' title="bbox 165 1842 1361 1930; baseline 0.003 -19"><span class='ocrx_word' id='word_1_47' title='bbox 165 1855 214 1911; x_wconf 89' lang='lat' dir='ltr'>ed.</span> <span class='ocrx_word' id='word_1_48' title='bbox 238 1871 314 1910; x_wconf 91' lang='lat' dir='ltr'>suae</span> <span class='ocrx_word' id='word_1_49' title='bbox 326 1849 352 1928; x_wconf 75' lang='lat'>2)</span> <span class='ocrx_word' id='word_1_50' title='bbox 377 1842 537 1930; x_wconf 82' lang='lat' dir='ltr'>‘intellege</span> <span class='ocrx_word' id='word_1_51' title='bbox 558 1856 609 1912; x_wconf 81' lang='grc' dir='ltr'>τοῦ</span> <span class='ocrx_word' id='word_1_52' title='bbox 628 1843 869 1928; x_wconf 72' lang='grc' dir='ltr'><strong><em>Ἀλκιδάμαντοςῖ</em></strong></span> <span class='ocrx_word' id='word_1_53' title='bbox 910 1853 1049 1930; x_wconf 89' lang='lat' dir='ltr'>Itemque</span> <span class='ocrx_word' id='word_1_54' title='bbox 1067 1853 1187 1912; x_wconf 75' lang='lat' dir='ltr'>BastIus</span> <span class='ocrx_word' id='word_1_55' title='bbox 1210 1851 1272 1930; x_wconf 86' lang='lat' dir='ltr'>(ep.</span> <span class='ocrx_word' id='word_1_56' title='bbox 1298 1855 1361 1916; x_wconf 89' lang='lat' dir='ltr'>crit.</span> 
     </span>
    </p>

    <p class='ocr_par' dir='ltr' id='par_1_7' title="bbox 165 1949 1364 2038">
     <span class='ocr_line' id='line_1_7' title="bbox 165 1949 1364 2038; baseline 0.002 -28"><span class='ocrx_word' id='word_1_57' title='bbox 165 1956 214 2014; x_wconf 89' lang='lat' dir='ltr'>ed.</span> <span class='ocrx_word' id='word_1_58' title='bbox 226 1971 286 2015; x_wconf 90' lang='lat' dir='ltr'>sec.</span> <span class='ocrx_word' id='word_1_59' title='bbox 302 1973 331 2030; x_wconf 88' lang='lat' dir='ltr'>p.</span> <span class='ocrx_word' id='word_1_60' title='bbox 349 1954 428 2029; x_wconf 83' lang='lat'>105),</span> <span class='ocrx_word' id='word_1_61' title='bbox 445 1955 496 2030; x_wconf 92' lang='lat' dir='ltr'>qui</span> <span class='ocrx_word' id='word_1_62' title='bbox 511 1954 599 2012; x_wconf 90' lang='lat' dir='ltr'>nimis</span> <span class='ocrx_word' id='word_1_63' title='bbox 615 1953 709 2011; x_wconf 91' lang='lat' dir='ltr'>dubie</span> <span class='ocrx_word' id='word_1_64' title='bbox 724 1955 764 2038; x_wconf 72' lang='grc' dir='ltr'>τῷ</span> <span class='ocrx_word' id='word_1_65' title='bbox 785 1949 885 2012; x_wconf 81' lang='grc' dir='ltr'><strong><em>τούτου</em></strong></span> <span class='ocrx_word' id='word_1_66' title='bbox 900 1950 1069 2030; x_wconf 69' lang='grc' dir='ltr'><strong><em>διαμαρτεῖν</em></strong></span> <span class='ocrx_word' id='word_1_67' title='bbox 1083 1954 1126 2012; x_wconf 84' lang='lat' dir='ltr'>ita</span> <span class='ocrx_word' id='word_1_68' title='bbox 1141 1956 1364 2031; x_wconf 85' lang='lat' dir='ltr'>interpretatur,</span> 
     </span>
    </p>

    <p class='ocr_par' dir='ltr' id='par_1_8' title="bbox 166 2041 1368 2132">
     <span class='ocr_line' id='line_1_8' title="bbox 166 2041 1368 2132; baseline 0.002 -20"><span class='ocrx_word' id='word_1_69' title='bbox 166 2065 198 2112; x_wconf 88' lang='lat' dir='ltr'>ut</span> <span class='ocrx_word' id='word_1_70' title='bbox 219 2051 271 2114; x_wconf 81' lang='grc' dir='ltr'>τοῦ</span> <span class='ocrx_word' id='word_1_71' title='bbox 291 2050 522 2131; x_wconf 79' lang='grc' dir='ltr'>Ἀλκιδάμαντος</span> <span class='ocrx_word' id='word_1_72' title='bbox 543 2055 707 2113; x_wconf 88' lang='lat' dir='ltr'>subaudito</span> <span class='ocrx_word' id='word_1_73' title='bbox 730 2055 830 2113; x_wconf 86' lang='lat' dir='ltr'>dieat:</span> <span class='ocrx_word' id='word_1_74' title='bbox 858 2041 921 2112; x_wconf 83' lang='lat' dir='ltr'>‘his</span> <span class='ocrx_word' id='word_1_75' title='bbox 944 2055 1120 2132; x_wconf 87' lang='lat' dir='ltr'>exprimitur</span> <span class='ocrx_word' id='word_1_76' title='bbox 1134 2056 1211 2114; x_wconf 90' lang='lat' dir='ltr'>illius</span> <span class='ocrx_word' id='word_1_77' title='bbox 1227 2055 1368 2131; x_wconf 89' lang='lat' dir='ltr'>petitioni</span> 
     </span>
    </p>

    <p class='ocr_par' dir='ltr' id='par_1_9' title="bbox 166 2143 1366 2233">
     <span class='ocr_line' id='line_1_9' title="bbox 166 2143 1366 2233; baseline 0 -20"><span class='ocrx_word' id='word_1_78' title='bbox 166 2173 228 2213; x_wconf 91' lang='lat' dir='ltr'>non</span> <span class='ocrx_word' id='word_1_79' title='bbox 252 2172 320 2214; x_wconf 90' lang='lat' dir='ltr'>esse</span> <span class='ocrx_word' id='word_1_80' title='bbox 346 2155 535 2214; x_wconf 87' lang='lat' dir='ltr'>satisfactum</span> <span class='ocrx_word' id='word_1_81' title='bbox 558 2155 596 2214; x_wconf 86' lang='lat' dir='ltr'>ab</span> <span class='ocrx_word' id='word_1_82' title='bbox 620 2143 693 2213; x_wconf 85' lang='lat' dir='ltr'>hoc&#39;</span> <span class='ocrx_word' id='word_1_83' title='bbox 715 2157 763 2214; x_wconf 89' lang='lat' dir='ltr'>vel</span> <span class='ocrx_word' id='word_1_84' title='bbox 786 2143 881 2213; x_wconf 75' lang='lat' dir='ltr'>‘illum</span> <span class='ocrx_word' id='word_1_85' title='bbox 905 2173 968 2213; x_wconf 90' lang='lat' dir='ltr'>non</span> <span class='ocrx_word' id='word_1_86' title='bbox 989 2155 1158 2214; x_wconf 87' lang='lat' dir='ltr'>obtinuisse</span> <span class='ocrx_word' id='word_1_87' title='bbox 1177 2157 1259 2233; x_wconf 91' lang='lat' dir='ltr'>apud</span> <span class='ocrx_word' id='word_1_88' title='bbox 1274 2156 1366 2224; x_wconf 86' lang='lat' dir='ltr'>hunc,</span> 
     </span>
    </p>

    <p class='ocr_par' dir='ltr' id='par_1_10' title="bbox 167 2244 1364 2334">
     <span class='ocr_line' id='line_1_10' title="bbox 167 2244 1364 2334; baseline 0.002 -22"><span class='ocrx_word' id='word_1_89' title='bbox 167 2257 254 2332; x_wconf 91' lang='lat' dir='ltr'>quod</span> <span class='ocrx_word' id='word_1_90' title='bbox 278 2244 418 2332; x_wconf 85' lang='lat' dir='ltr'>optarer’.</span> <span class='ocrx_word' id='word_1_91' title='bbox 461 2255 552 2314; x_wconf 90' lang='lat' dir='ltr'>Hauc</span> <span class='ocrx_word' id='word_1_92' title='bbox 582 2256 866 2334; x_wconf 87' lang='lat' dir='ltr'>interpretationem</span> <span class='ocrx_word' id='word_1_93' title='bbox 896 2256 1089 2315; x_wconf 85' lang='lat' dir='ltr'>falsissimam</span> <span class='ocrx_word' id='word_1_94' title='bbox 1110 2275 1180 2316; x_wconf 90' lang='lat' dir='ltr'>esse</span> <span class='ocrx_word' id='word_1_95' title='bbox 1201 2258 1234 2316; x_wconf 92' lang='lat' dir='ltr'>in</span> <span class='ocrx_word' id='word_1_96' title='bbox 1256 2265 1364 2334; x_wconf 88' lang='lat' dir='ltr'>aperto</span> 
     </span>
    </p>

    <p class='ocr_par' dir='ltr' id='par_1_11' title="bbox 167 2344 1364 2534">
     <span class='ocr_line' id='line_1_11' title="bbox 167 2344 1364 2434; baseline 0 -20"><span class='ocrx_word' id='word_1_97' title='bbox 167 2365 221 2414; x_wconf 89' lang='lat' dir='ltr'>est.</span> <span class='ocrx_word' id='word_1_98' title='bbox 253 2357 348 2414; x_wconf 92' lang='lat' dir='ltr'>Immo</span> <span class='ocrx_word' id='word_1_99' title='bbox 364 2352 536 2434; x_wconf 75' lang='grc' dir='ltr'><strong><em>διαμαρτεῖν</em></strong></span> <span class='ocrx_word' id='word_1_100' title='bbox 561 2355 609 2414; x_wconf 90' lang='lat' dir='ltr'>hic</span> <span class='ocrx_word' id='word_1_101' title='bbox 627 2365 661 2414; x_wconf 89' lang='lat' dir='ltr'>ut</span> <span class='ocrx_word' id='word_1_102' title='bbox 682 2356 849 2415; x_wconf 88' lang='lat' dir='ltr'>sescenties</span> <span class='ocrx_word' id='word_1_103' title='bbox 874 2344 1012 2432; x_wconf 83' lang='lat' dir='ltr'>‘assequi</span> <span class='ocrx_word' id='word_1_104' title='bbox 1033 2346 1170 2434; x_wconf 82' lang='lat' dir='ltr'>nequeo&#39;</span> <span class='ocrx_word' id='word_1_105' title='bbox 1197 2357 1364 2434; x_wconf 83' lang='lat' dir='ltr'>significare</span> 
     </span>
     <span class='ocr_line' id='line_1_12' title="bbox 167 2452 1364 2534; baseline 0.001 -19"><span class='ocrx_word' id='word_1_106' title='bbox 167 2466 336 2516; x_wconf 91' lang='lat' dir='ltr'>statuamus</span> <span class='ocrx_word' id='word_1_107' title='bbox 358 2474 487 2516; x_wconf 90' lang='lat' dir='ltr'>necesse</span> <span class='ocrx_word' id='word_1_108' title='bbox 508 2465 565 2518; x_wconf 91' lang='lat' dir='ltr'>est.</span> <span class='ocrx_word' id='word_1_109' title='bbox 609 2458 730 2534; x_wconf 82' lang='lat' dir='ltr'>Ambigi</span> <span class='ocrx_word' id='word_1_110' title='bbox 752 2475 824 2516; x_wconf 87' lang='lat' dir='ltr'>vero</span> <span class='ocrx_word' id='word_1_111' title='bbox 844 2465 946 2534; x_wconf 91' lang='lat' dir='ltr'>potest</span> <span class='ocrx_word' id='word_1_112' title='bbox 968 2466 1002 2515; x_wconf 91' lang='lat' dir='ltr'>ut</span> <span class='ocrx_word' id='word_1_113' title='bbox 1029 2459 1148 2534; x_wconf 86' lang='lat' dir='ltr'>opinor,</span> <span class='ocrx_word' id='word_1_114' title='bbox 1169 2477 1242 2518; x_wconf 92' lang='lat' dir='ltr'>num</span> <span class='ocrx_word' id='word_1_115' title='bbox 1263 2452 1364 2518; x_wconf 72' lang='grc' dir='ltr'><strong><em>τούτου</em></strong></span> 
     </span>
    </p>

    <p class='ocr_par' dir='ltr' id='par_1_12' title="bbox 166 2559 1364 2737">
     <span class='ocr_line' id='line_1_13' title="bbox 167 2559 1362 2645; baseline 0 -29"><span class='ocrx_word' id='word_1_116' title='bbox 167 2567 247 2617; x_wconf 90' lang='lat' dir='ltr'>recte</span> <span class='ocrx_word' id='word_1_117' title='bbox 276 2576 346 2618; x_wconf 89' lang='lat' dir='ltr'>sese</span> <span class='ocrx_word' id='word_1_118' title='bbox 372 2559 493 2618; x_wconf 83' lang='lat' dir='ltr'>habeat.</span> <span class='ocrx_word' id='word_1_119' title='bbox 538 2559 660 2618; x_wconf 89' lang='lat' dir='ltr'>Etenim</span> <span class='ocrx_word' id='word_1_120' title='bbox 687 2577 768 2635; x_wconf 90' lang='lat' dir='ltr'>quae</span> <span class='ocrx_word' id='word_1_121' title='bbox 790 2559 982 2645; x_wconf 87' lang='lat' dir='ltr'>praecedunt</span> <span class='ocrx_word' id='word_1_122' title='bbox 1005 2559 1030 2617; x_wconf 93' lang='lat' dir='ltr'>si</span> <span class='ocrx_word' id='word_1_123' title='bbox 1052 2560 1238 2636; x_wconf 85' lang='lat' dir='ltr'>perlegimus</span> <span class='ocrx_word' id='word_1_124' title='bbox 1262 2560 1362 2633; x_wconf 88' lang='lat' dir='ltr'>verba,</span> 
     </span>
     <span class='ocr_line' id='line_1_14' title="bbox 166 2659 1364 2737; baseline -0.002 -19"><span class='ocrx_word' id='word_1_125' title='bbox 166 2678 334 2735; x_wconf 89' lang='lat' dir='ltr'>pronomen</span> <span class='ocrx_word' id='word_1_126' title='bbox 358 2677 418 2734; x_wconf 92' lang='lat' dir='ltr'>quo</span> <span class='ocrx_word' id='word_1_127' title='bbox 446 2661 609 2719; x_wconf 90' lang='lat' dir='ltr'>commode</span> <span class='ocrx_word' id='word_1_128' title='bbox 629 2659 786 2729; x_wconf 87' lang='lat' dir='ltr'>reseratur,</span> <span class='ocrx_word' id='word_1_129' title='bbox 807 2677 871 2718; x_wconf 91' lang='lat' dir='ltr'>nou</span> <span class='ocrx_word' id='word_1_130' title='bbox 895 2659 1072 2730; x_wconf 66' lang='lat' dir='ltr'>invenimus</span> <span class='ocrx_word' id='word_1_131' title='bbox 1095 2677 1196 2737; x_wconf 88' lang='lat' dir='ltr'>eoque</span> <span class='ocrx_word' id='word_1_132' title='bbox 1217 2660 1364 2735; x_wconf 91' lang='lat' dir='ltr'>interpre-</span> 
     </span>
    </p>

    <p class='ocr_par' dir='ltr' id='par_1_13' title="bbox 167 2760 1362 2837">
     <span class='ocr_line' id='line_1_15' title="bbox 167 2760 1362 2837; baseline -0.001 -19"><span class='ocrx_word' id='word_1_133' title='bbox 167 2769 231 2819; x_wconf 90' lang='lat' dir='ltr'>tum</span> <span class='ocrx_word' id='word_1_134' title='bbox 252 2769 344 2819; x_wconf 89' lang='lat' dir='ltr'>natus</span> <span class='ocrx_word' id='word_1_135' title='bbox 367 2770 412 2820; x_wconf 91' lang='lat' dir='ltr'>est</span> <span class='ocrx_word' id='word_1_136' title='bbox 436 2779 526 2823; x_wconf 90' lang='lat' dir='ltr'>error.</span> <span class='ocrx_word' id='word_1_137' title='bbox 561 2760 665 2834; x_wconf 87' lang='lat' dir='ltr'>Quare</span> <span class='ocrx_word' id='word_1_138' title='bbox 679 2760 770 2820; x_wconf 90' lang='lat' dir='ltr'>istam</span> <span class='ocrx_word' id='word_1_139' title='bbox 784 2760 994 2820; x_wconf 87' lang='lat' dir='ltr'>difficultatem</span> <span class='ocrx_word' id='word_1_140' title='bbox 1012 2761 1056 2820; x_wconf 89' lang='lat' dir='ltr'>sic</span> <span class='ocrx_word' id='word_1_141' title='bbox 1069 2762 1215 2837; x_wconf 85' lang='lat' dir='ltr'>expedire</span> <span class='ocrx_word' id='word_1_142' title='bbox 1233 2769 1362 2837; x_wconf 86' lang='lat' dir='ltr'>oportet,</span> 
     </span>
    </p>

    <p class='ocr_par' dir='ltr' id='par_1_14' title="bbox 167 2858 1362 2939">
     <span class='ocr_line' id='line_1_16' title="bbox 167 2858 1362 2939; baseline -0.001 -19"><span class='ocrx_word' id='word_1_143' title='bbox 167 2871 200 2920; x_wconf 94' lang='lat' dir='ltr'>ut</span> <span class='ocrx_word' id='word_1_144' title='bbox 221 2858 322 2920; x_wconf 85' lang='grc' dir='ltr'><strong><em>τοάτοο</em></strong></span> <span class='ocrx_word' id='word_1_145' title='bbox 343 2863 437 2938; x_wconf 91' lang='lat' dir='ltr'>paulo</span> <span class='ocrx_word' id='word_1_146' title='bbox 458 2863 671 2939; x_wconf 83' lang='lat' dir='ltr'>neglegentius</span> <span class='ocrx_word' id='word_1_147' title='bbox 692 2869 723 2920; x_wconf 90' lang='lat' dir='ltr'>et</span> <span class='ocrx_word' id='word_1_148' title='bbox 745 2862 916 2938; x_wconf 85' lang='lat' dir='ltr'>generalius</span> <span class='ocrx_word' id='word_1_149' title='bbox 932 2861 1047 2920; x_wconf 91' lang='lat' dir='ltr'>dictum</span> <span class='ocrx_word' id='word_1_150' title='bbox 1063 2879 1132 2920; x_wconf 88' lang='lat' dir='ltr'>esse</span> <span class='ocrx_word' id='word_1_151' title='bbox 1147 2862 1362 2931; x_wconf 87' lang='lat' dir='ltr'>existimemus,</span> 
     </span>
    </p>

    <p class='ocr_par' dir='ltr' id='par_1_15' title="bbox 167 2962 1362 3040">
     <span class='ocr_line' id='line_1_17' title="bbox 167 2962 1362 3040; baseline -0.001 -20"><span class='ocrx_word' id='word_1_152' title='bbox 167 2963 250 3020; x_wconf 90' lang='lat' dir='ltr'>velut</span> <span class='ocrx_word' id='word_1_153' title='bbox 271 2962 470 3040; x_wconf 86' lang='lat' dir='ltr'>Thucydides</span> <span class='ocrx_word' id='word_1_154' title='bbox 491 2963 530 3032; x_wconf 87' lang='grc' dir='ltr'>ΙΙ,</span> <span class='ocrx_word' id='word_1_155' title='bbox 547 2963 586 3040; x_wconf 88' lang='lat'>78</span> <span class='ocrx_word' id='word_1_156' title='bbox 610 2981 678 3022; x_wconf 91' lang='lat' dir='ltr'>cum</span> <span class='ocrx_word' id='word_1_157' title='bbox 692 2963 926 3039; x_wconf 89' lang='lat' dir='ltr'>Peloponnesiis</span> <span class='ocrx_word' id='word_1_158' title='bbox 946 2980 1010 3020; x_wconf 90' lang='lat' dir='ltr'>rem</span> <span class='ocrx_word' id='word_1_159' title='bbox 1032 2980 1095 3020; x_wconf 93' lang='lat' dir='ltr'>non</span> <span class='ocrx_word' id='word_1_160' title='bbox 1119 2963 1248 3021; x_wconf 88' lang='lat' dir='ltr'>cessisse</span> <span class='ocrx_word' id='word_1_161' title='bbox 1270 2962 1362 3020; x_wconf 86' lang='lat' dir='ltr'>tradi-</span> 
     </span>
    </p>

    <p class='ocr_par' dir='ltr' id='par_1_16' title="bbox 165 3053 1361 3142">
     <span class='ocr_line' id='line_1_18' title="bbox 165 3053 1361 3142; baseline 0 -23"><span class='ocrx_word' id='word_1_162' title='bbox 165 3063 253 3138; x_wconf 81' lang='lat' dir='ltr'>derit,</span> <span class='ocrx_word' id='word_1_163' title='bbox 274 3063 373 3138; x_wconf 82' lang='lat' dir='ltr'>pergit</span> <span class='ocrx_word' id='word_1_164' title='bbox 397 3059 498 3142; x_wconf 77' lang='grc' dir='ltr'><strong><em>ἐπειδὴ</em></strong></span> <span class='ocrx_word' id='word_1_165' title='bbox 520 3061 570 3122; x_wconf 76' lang='grc' dir='ltr'><strong><em>καὶ</em></strong></span> <span class='ocrx_word' id='word_1_166' title='bbox 591 3053 692 3124; x_wconf 75' lang='grc' dir='ltr'><strong><em>τούτου</em></strong></span> <span class='ocrx_word' id='word_1_167' title='bbox 715 3057 877 3141; x_wconf 82' lang='grc' dir='ltr'><strong><em>διήμαρτον</em></strong></span> <span class='ocrx_word' id='word_1_168' title='bbox 899 3062 918 3124; x_wconf 92' lang='lat' dir='ltr'>i.</span> <span class='ocrx_word' id='word_1_169' title='bbox 931 3081 959 3124; x_wconf 91' lang='lat' dir='ltr'>e.</span> <span class='ocrx_word' id='word_1_170' title='bbox 982 3080 1052 3120; x_wconf 92' lang='lat' dir='ltr'>cum</span> <span class='ocrx_word' id='word_1_171' title='bbox 1074 3061 1132 3121; x_wconf 91' lang='lat' dir='ltr'>hoc</span> <span class='ocrx_word' id='word_1_172' title='bbox 1154 3063 1238 3139; x_wconf 91' lang='lat' dir='ltr'>quod</span> <span class='ocrx_word' id='word_1_173' title='bbox 1258 3079 1361 3138; x_wconf 89' lang='lat' dir='ltr'>spera·</span> 
     </span>
    </p>

    <p class='ocr_par' dir='ltr' id='par_1_17' title="bbox 166 3160 1580 3357">
     <span class='ocr_line' id='line_1_19' title="bbox 166 3160 1538 3256; baseline 0.001 -37"><span class='ocrx_word' id='word_1_174' title='bbox 166 3163 251 3240; x_wconf 89' lang='lat' dir='ltr'>bant,</span> <span class='ocrx_word' id='word_1_175' title='bbox 280 3164 476 3222; x_wconf 84' lang='lat' dir='ltr'>excidissent.</span> <span class='ocrx_word' id='word_1_176' title='bbox 531 3164 593 3222; x_wconf 93' lang='lat' dir='ltr'>Sed</span> <span class='ocrx_word' id='word_1_177' title='bbox 621 3160 722 3223; x_wconf 81' lang='grc' dir='ltr'><strong><em>ταύταν</em></strong></span> <span class='ocrx_word' id='word_1_178' title='bbox 752 3163 1006 3241; x_wconf 90' lang='lat' dir='ltr'>quandoquidem</span> <span class='ocrx_word' id='word_1_179' title='bbox 1039 3163 1227 3222; x_wconf 89' lang='lat' dir='ltr'>subobscure</span> <span class='ocrx_word' id='word_1_180' title='bbox 1257 3173 1362 3222; x_wconf 92' lang='lat' dir='ltr'>nostro</span> <span class='ocrx_word' id='word_1_181' title='bbox 1409 3188 1442 3256; x_wconf 50' lang='lat' dir='ltr'>s,</span> <span class='ocrx_word' id='word_1_182' title='bbox 1535 3207 1538 3233; x_wconf 80' lang='lat'>,</span> 
     </span>
     <span class='ocr_line' id='line_1_20' title="bbox 167 3236 1580 3357; baseline 0.002 -37"><span class='ocrx_word' id='word_1_183' title='bbox 167 3264 234 3321; x_wconf 89' lang='lat' dir='ltr'>loco</span> <span class='ocrx_word' id='word_1_184' title='bbox 257 3264 390 3340; x_wconf 91' lang='lat' dir='ltr'>positum</span> <span class='ocrx_word' id='word_1_185' title='bbox 422 3275 477 3336; x_wconf 90' lang='lat' dir='ltr'>est,</span> <span class='ocrx_word' id='word_1_186' title='bbox 510 3267 614 3324; x_wconf 89' lang='lat' dir='ltr'>nescio</span> <span class='ocrx_word' id='word_1_187' title='bbox 642 3284 683 3324; x_wconf 92' lang='lat' dir='ltr'>an</span> <span class='ocrx_word' id='word_1_188' title='bbox 711 3260 952 3357; x_wconf 51' lang='lat' dir='ltr'>rectiusjmimg</span> <span class='ocrx_word' id='word_1_189' title='bbox 972 3257 1166 3342; x_wconf 77' lang='grc' dir='ltr'>(Κτηοάλλης)</span> <span class='ocrx_word' id='word_1_190' title='bbox 1189 3265 1363 3325; x_wconf 89' lang='lat' dir='ltr'>scribamus.</span> <span class='ocrx_word' id='word_1_191' title='bbox 1405 3268 1412 3339; x_wconf 64' lang='lat'><em>2</em></span> <span class='ocrx_word' id='word_1_192' title='bbox 1444 3237 1494 3300; x_wconf 46' lang='grc' dir='ltr'>’Ψ</span> <span class='ocrx_word' id='word_1_193' title='bbox 1527 3236 1580 3303; x_wconf 58' lang='grc' dir='ltr'>·Ι’ν</span> 
     </span>
    </p>
   </div>
   <div class='ocr_carea' id='block_1_3' title="bbox 166 3357 1523 3545">
    <p class='ocr_par' dir='ltr' id='par_1_18' title="bbox 166 3357 1523 3545">
     <span class='ocr_line' id='line_1_21' title="bbox 168 3357 1523 3459; baseline -0.001 -37"><span class='ocrx_word' id='word_1_194' title='bbox 168 3363 260 3436; x_wconf 92' lang='lat' dir='ltr'>Quod</span> <span class='ocrx_word' id='word_1_195' title='bbox 283 3365 309 3422; x_wconf 90' lang='lat' dir='ltr'>si</span> <span class='ocrx_word' id='word_1_196' title='bbox 332 3366 385 3423; x_wconf 90' lang='lat' dir='ltr'>tibi</span> <span class='ocrx_word' id='word_1_197' title='bbox 407 3367 563 3442; x_wconf 88' lang='lat' dir='ltr'>probetur,</span> <span class='ocrx_word' id='word_1_198' title='bbox 581 3366 773 3443; x_wconf 90' lang='lat' dir='ltr'>Alciphrouis</span> <span class='ocrx_word' id='word_1_199' title='bbox 795 3366 888 3424; x_wconf 90' lang='lat' dir='ltr'>verba</span> <span class='ocrx_word' id='word_1_200' title='bbox 910 3357 972 3443; x_wconf 86' lang='lat' dir='ltr'>(lib.</span> <span class='ocrx_word' id='word_1_201' title='bbox 986 3366 1000 3423; x_wconf 96' lang='lat' dir='ltr'>I</span> <span class='ocrx_word' id='word_1_202' title='bbox 1015 3384 1063 3441; x_wconf 93' lang='lat' dir='ltr'>ep.</span> <span class='ocrx_word' id='word_1_203' title='bbox 1081 3360 1135 3443; x_wconf 75' lang='lat'>29)</span> <span class='ocrx_word' id='word_1_204' title='bbox 1157 3366 1240 3424; x_wconf 89' lang='lat' dir='ltr'>haud</span> <span class='ocrx_word' id='word_1_205' title='bbox 1261 3368 1364 3442; x_wconf 91' lang='lat' dir='ltr'>inepte</span> <span class='ocrx_word' id='word_1_206' title='bbox 1399 3431 1423 3459; x_wconf 26' lang='grc' dir='ltr'>ἡ.</span> <span class='ocrx_word' id='word_1_207' title='bbox 1461 3367 1472 3427; x_wconf 72' lang='lat'>³.</span> <span class='ocrx_word' id='word_1_208' title='bbox 1487 3382 1523 3441; x_wconf 28' lang='grc' dir='ltr'>,μ’</span> 
     </span>
     <span class='ocr_line' id='line_1_22' title="bbox 166 3459 1435 3545; baseline -0.002 -22"><span class='ocrx_word' id='word_1_209' title='bbox 166 3482 393 3542; x_wconf 88' lang='lat' dir='ltr'>comparemus:</span> <span class='ocrx_word' id='word_1_210' title='bbox 425 3462 483 3544; x_wconf 72' lang='lat' dir='ltr'>tyb</span> <span class='ocrx_word' id='word_1_211' title='bbox 507 3460 532 3525; x_wconf 81' lang='grc' dir='ltr'>δ’</span> <span class='ocrx_word' id='word_1_212' title='bbox 554 3463 590 3526; x_wconf 81' lang='grc' dir='ltr'>οὐ</span> <span class='ocrx_word' id='word_1_213' title='bbox 618 3463 698 3545; x_wconf 82' lang='grc' dir='ltr'><strong><em>παρὰ</em></strong></span> <span class='ocrx_word' id='word_1_214' title='bbox 718 3463 822 3545; x_wconf 85' lang='grc' dir='ltr'><strong><em>μικρὸν</em></strong></span> <span class='ocrx_word' id='word_1_215' title='bbox 844 3461 976 3545; x_wconf 77' lang='grc' dir='ltr'><strong><em>ἡγούμην</em></strong></span> <span class='ocrx_word' id='word_1_216' title='bbox 995 3459 1175 3544; x_wconf 79' lang='grc' dir='ltr'><strong><em>Μενάνδρου</em></strong></span> <span class='ocrx_word' id='word_1_217' title='bbox 1197 3463 1365 3544; x_wconf 64' lang='grc' dir='ltr'><strong><em>διαμαρτεῖν</em></strong></span> <span class='ocrx_word' id='word_1_218' title='bbox 1432 3505 1435 3521; x_wconf 82' lang='grc'><em>,</em></span> 
     </span>
    </p>
   </div>
   <div class='ocr_carea' id='block_1_4' title="bbox 165 3543 1590 4132">
    <p class='ocr_par' dir='ltr' id='par_1_19' title="bbox 165 3543 1614 3747">
     <span class='ocr_line' id='line_1_23' title="bbox 165 3543 1590 3646; baseline 0.001 -21"><span class='ocrx_word' id='word_1_219' title='bbox 165 3561 297 3644; x_wconf 74' lang='grc' dir='ltr'><strong><em>ἐραστοῦ.</em></strong></span> <span class='ocrx_word' id='word_1_220' title='bbox 1387 3548 1398 3596; x_wconf 56' lang='lat'>5</span> <span class='ocrx_word' id='word_1_221' title='bbox 1451 3543 1469 3640; x_wconf 18' lang='lat' dir='ltr'>,y</span> <span class='ocrx_word' id='word_1_222' title='bbox 1583 3639 1590 3646; x_wconf 37' lang='grc'><em>,</em></span> 
     </span>
     <span class='ocr_line' id='line_1_24' title="bbox 267 3648 1530 3747; baseline 0 -21"><span class='ocrx_word' id='word_1_223' title='bbox 267 3667 364 3726; x_wconf 90' lang='lat' dir='ltr'>Paulo</span> <span class='ocrx_word' id='word_1_224' title='bbox 390 3678 460 3746; x_wconf 90' lang='lat' dir='ltr'>post</span> <span class='ocrx_word' id='word_1_225' title='bbox 485 3688 515 3746; x_wconf 91' lang='lat' dir='ltr'>p.</span> <span class='ocrx_word' id='word_1_226' title='bbox 541 3684 653 3744; x_wconf 82' lang='lat'>202,4</span> <span class='ocrx_word' id='word_1_227' title='bbox 685 3670 813 3746; x_wconf 82' lang='lat' dir='ltr'>legimus</span> <span class='ocrx_word' id='word_1_228' title='bbox 840 3663 860 3747; x_wconf 79' lang='grc' dir='ltr'><em>ἦ</em></span> <span class='ocrx_word' id='word_1_229' title='bbox 890 3664 1099 3741; x_wconf 86' lang='grc' dir='ltr'><strong><em>τιαῖς...κατδι</em></strong></span> <span class='ocrx_word' id='word_1_230' title='bbox 1124 3667 1208 3727; x_wconf 74' lang='grc' dir='ltr'><strong><em>θεῖον</em></strong></span> <span class='ocrx_word' id='word_1_231' title='bbox 1235 3661 1364 3746; x_wconf 79' lang='grc' dir='ltr'><strong><em>ἠράσθη,</em></strong></span> <span class='ocrx_word' id='word_1_232' title='bbox 1388 3665 1421 3677; x_wconf 87' lang='grc'>”</span> <span class='ocrx_word' id='word_1_233' title='bbox 1470 3661 1482 3682; x_wconf 78' lang='grc'>”</span> <span class='ocrx_word' id='word_1_234' title='bbox 1527 3648 1530 3659; x_wconf 58' lang='grc'><strong>’</strong></span> 
     </span>
    </p>

    <p class='ocr_par' dir='ltr' id='par_1_20' title="bbox 169 3759 1553 3846">
     <span class='ocr_line' id='line_1_25' title="bbox 169 3759 1553 3846; baseline -0.001 -20"><span class='ocrx_word' id='word_1_235' title='bbox 169 3785 248 3844; x_wconf 91' lang='lat' dir='ltr'>quae</span> <span class='ocrx_word' id='word_1_236' title='bbox 273 3769 383 3828; x_wconf 87' lang='lat' dir='ltr'>vitiosa</span> <span class='ocrx_word' id='word_1_237' title='bbox 405 3777 483 3828; x_wconf 92' lang='lat' dir='ltr'>sunt.</span> <span class='ocrx_word' id='word_1_238' title='bbox 527 3768 647 3846; x_wconf 92' lang='lat' dir='ltr'>Nempe</span> <span class='ocrx_word' id='word_1_239' title='bbox 667 3766 740 3829; x_wconf 83' lang='grc' dir='ltr'><strong><em>κατὰ</em></strong></span> <span class='ocrx_word' id='word_1_240' title='bbox 762 3768 845 3830; x_wconf 70' lang='grc' dir='ltr'><strong><em>θεῖον</em></strong></span> <span class='ocrx_word' id='word_1_241' title='bbox 869 3788 932 3828; x_wconf 88' lang='lat' dir='ltr'>non</span> <span class='ocrx_word' id='word_1_242' title='bbox 954 3770 1048 3827; x_wconf 89' lang='lat' dir='ltr'>modo</span> <span class='ocrx_word' id='word_1_243' title='bbox 1075 3777 1109 3827; x_wconf 90' lang='lat' dir='ltr'>ut</span> <span class='ocrx_word' id='word_1_244' title='bbox 1131 3767 1282 3826; x_wconf 90' lang='lat' dir='ltr'>Muncker</span> <span class='ocrx_word' id='word_1_245' title='bbox 1307 3786 1364 3844; x_wconf 91' lang='lat' dir='ltr'>pu·</span> <span class='ocrx_word' id='word_1_246' title='bbox 1443 3759 1509 3808; x_wconf 50' lang='grc' dir='ltr'>Μ’</span> <span class='ocrx_word' id='word_1_247' title='bbox 1547 3762 1553 3775; x_wconf 89' lang='grc'><strong>’</strong></span> 
     </span>
    </p>

    <p class='ocr_par' dir='ltr' id='par_1_21' title="bbox 167 3861 1543 3947">
     <span class='ocr_line' id='line_1_26' title="bbox 167 3861 1543 3947; baseline 0.004 -21"><span class='ocrx_word' id='word_1_248' title='bbox 167 3870 251 3944; x_wconf 89' lang='lat' dir='ltr'>tavit,</span> <span class='ocrx_word' id='word_1_249' title='bbox 275 3869 405 3930; x_wconf 83' lang='lat' dir='ltr'>fortasse</span> <span class='ocrx_word' id='word_1_250' title='bbox 429 3861 537 3929; x_wconf 81' lang='lat' dir='ltr'>falsum</span> <span class='ocrx_word' id='word_1_251' title='bbox 563 3879 610 3929; x_wconf 92' lang='lat' dir='ltr'>est</span> <span class='ocrx_word' id='word_1_252' title='bbox 631 3867 800 3946; x_wconf 80' lang='lat' dir='ltr'>(ci&#39;Koch.</span> <span class='ocrx_word' id='word_1_253' title='bbox 822 3890 852 3947; x_wconf 91' lang='lat' dir='ltr'>p.</span> <span class='ocrx_word' id='word_1_254' title='bbox 873 3867 954 3946; x_wconf 79' lang='lat'>105),</span> <span class='ocrx_word' id='word_1_255' title='bbox 982 3871 1039 3929; x_wconf 90' lang='lat' dir='ltr'>sed</span> <span class='ocrx_word' id='word_1_256' title='bbox 1061 3870 1185 3928; x_wconf 91' lang='lat' dir='ltr'>omnino</span> <span class='ocrx_word' id='word_1_257' title='bbox 1213 3871 1286 3928; x_wconf 92' lang='lat' dir='ltr'>nihil</span> <span class='ocrx_word' id='word_1_258' title='bbox 1308 3880 1366 3932; x_wconf 91' lang='lat' dir='ltr'>est.</span> <span class='ocrx_word' id='word_1_259' title='bbox 1459 3899 1468 3932; x_wconf 77' lang='grc' dir='ltr'><strong><em>ι</em></strong></span> <span class='ocrx_word' id='word_1_260' title='bbox 1521 3877 1543 3917; x_wconf 71' lang='grc' dir='ltr'><strong><em>ἰ</em></strong></span> 
     </span>
    </p>

    <p class='ocr_par' dir='ltr' id='par_1_22' title="bbox 167 3965 1365 4048">
     <span class='ocr_line' id='line_1_27' title="bbox 167 3965 1365 4048; baseline 0.002 -21"><span class='ocrx_word' id='word_1_261' title='bbox 167 3969 260 4028; x_wconf 88' lang='lat' dir='ltr'>Esset</span> <span class='ocrx_word' id='word_1_262' title='bbox 292 3970 408 4046; x_wconf 90' lang='lat' dir='ltr'>aliquid</span> <span class='ocrx_word' id='word_1_263' title='bbox 439 3965 512 4028; x_wconf 79' lang='grc' dir='ltr'><strong><em>κατὰ</em></strong></span> <span class='ocrx_word' id='word_1_264' title='bbox 543 3967 574 4030; x_wconf 87' lang='grc' dir='ltr'>τὸ</span> <span class='ocrx_word' id='word_1_265' title='bbox 604 3970 698 4042; x_wconf 75' lang='grc' dir='ltr'><strong><em>θεῖον,</em></strong></span> <span class='ocrx_word' id='word_1_266' title='bbox 730 3981 833 4030; x_wconf 92' lang='lat' dir='ltr'>tamen</span> <span class='ocrx_word' id='word_1_267' title='bbox 864 3991 905 4030; x_wconf 87' lang='lat' dir='ltr'>ne</span> <span class='ocrx_word' id='word_1_268' title='bbox 936 3971 981 4030; x_wconf 90' lang='lat' dir='ltr'>sic</span> <span class='ocrx_word' id='word_1_269' title='bbox 1013 3971 1137 4048; x_wconf 90' lang='lat' dir='ltr'>quidem</span> <span class='ocrx_word' id='word_1_270' title='bbox 1164 3971 1242 4029; x_wconf 91' lang='lat' dir='ltr'>ullus</span> <span class='ocrx_word' id='word_1_271' title='bbox 1272 3970 1365 4029; x_wconf 92' lang='lat' dir='ltr'>homo</span> 
     </span>
    </p>

    <p class='ocr_par' dir='ltr' id='par_1_23' title="bbox 167 4066 1363 4132">
     <span class='ocr_line' id='line_1_28' title="bbox 167 4066 1363 4132; baseline 0 -4"><span class='ocrx_word' id='word_1_272' title='bbox 167 4069 306 4128; x_wconf 89' lang='lat' dir='ltr'>Graecus</span> <span class='ocrx_word' id='word_1_273' title='bbox 328 4070 450 4128; x_wconf 91' lang='lat' dir='ltr'>locutus</span> <span class='ocrx_word' id='word_1_274' title='bbox 473 4079 529 4131; x_wconf 91' lang='lat' dir='ltr'>est.</span> <span class='ocrx_word' id='word_1_275' title='bbox 564 4071 605 4129; x_wconf 87' lang='lat' dir='ltr'>At</span> <span class='ocrx_word' id='word_1_276' title='bbox 620 4072 760 4130; x_wconf 91' lang='lat' dir='ltr'>omnibus</span> <span class='ocrx_word' id='word_1_277' title='bbox 783 4073 981 4132; x_wconf 90' lang='lat' dir='ltr'>usitatissima</span> <span class='ocrx_word' id='word_1_278' title='bbox 999 4080 1087 4131; x_wconf 89' lang='lat' dir='ltr'>erant</span> <span class='ocrx_word' id='word_1_279' title='bbox 1103 4067 1176 4130; x_wconf 80' lang='grc' dir='ltr'><strong><em>κατὰ</em></strong></span> <span class='ocrx_word' id='word_1_280' title='bbox 1196 4066 1293 4130; x_wconf 55' lang='grc' dir='ltr'><strong><em>θεὸνδ</em></strong></span> <span class='ocrx_word' id='word_1_281' title='bbox 1315 4072 1363 4129; x_wconf 88' lang='lat' dir='ltr'>vel</span> 
     </span>
    </p>
   </div>
   <div class='ocr_carea' id='block_1_5' title="bbox 166 4164 1367 4249">
    <p class='ocr_par' dir='ltr' id='par_1_24' title="bbox 166 4164 1367 4249">
     <span class='ocr_line' id='line_1_29' title="bbox 166 4164 1367 4249; baseline 0.005 -21"><span class='ocrx_word' id='word_1_282' title='bbox 166 4165 238 4228; x_wconf 79' lang='grc' dir='ltr'><strong><em>κατὰ</em></strong></span> <span class='ocrx_word' id='word_1_283' title='bbox 265 4164 338 4228; x_wconf 74' lang='grc' dir='ltr'><strong><em>θεάν</em></strong></span> <span class='ocrx_word' id='word_1_284' title='bbox 365 4189 427 4227; x_wconf 80' lang='grc' dir='ltr'><strong><em>τινα</em></strong></span> <span class='ocrx_word' id='word_1_285' title='bbox 456 4171 503 4228; x_wconf 92' lang='lat' dir='ltr'>vel</span> <span class='ocrx_word' id='word_1_286' title='bbox 528 4168 601 4230; x_wconf 84' lang='grc' dir='ltr'><strong><em>κατὰ</em></strong></span> <span class='ocrx_word' id='word_1_287' title='bbox 626 4167 752 4248; x_wconf 79' lang='grc' dir='ltr'><strong><em>δαίμονα</em></strong></span> <span class='ocrx_word' id='word_1_288' title='bbox 782 4174 826 4232; x_wconf 92' lang='lat' dir='ltr'>vel</span> <span class='ocrx_word' id='word_1_289' title='bbox 853 4167 927 4232; x_wconf 87' lang='grc' dir='ltr'><strong><em>κατά</em></strong></span> <span class='ocrx_word' id='word_1_290' title='bbox 948 4193 1011 4232; x_wconf 84' lang='grc' dir='ltr'><strong><em>τινα</em></strong></span> <span class='ocrx_word' id='word_1_291' title='bbox 1032 4167 1168 4249; x_wconf 78' lang='grc' dir='ltr'><strong><em>δαίμονα,</em></strong></span> <span class='ocrx_word' id='word_1_292' title='bbox 1197 4173 1227 4230; x_wconf 92' lang='lat' dir='ltr'>in</span> <span class='ocrx_word' id='word_1_293' title='bbox 1256 4172 1367 4249; x_wconf 82' lang='lat' dir='ltr'>quibus¹</span> 
     </span>
    </p>
   </div>
   <div class='ocr_carea' id='block_1_6' title="bbox 168 4365 1365 4862">
    <p class='ocr_par' dir='ltr' id='par_1_25' title="bbox 168 4365 1365 4862">
     <span class='ocr_line' id='line_1_30' title="bbox 266 4365 1365 4440; baseline 0.005 -22"><span class='ocrx_word' id='word_1_294' title='bbox 266 4365 278 4404; x_wconf 90' lang='lat'><strong>¹</strong></span> <span class='ocrx_word' id='word_1_295' title='bbox 300 4369 408 4435; x_wconf 88' lang='lat' dir='ltr'>Semper</span> <span class='ocrx_word' id='word_1_296' title='bbox 430 4369 582 4435; x_wconf 85' lang='lat' dir='ltr'>paginarum</span> <span class='ocrx_word' id='word_1_297' title='bbox 608 4377 635 4422; x_wconf 90' lang='lat' dir='ltr'>et</span> <span class='ocrx_word' id='word_1_298' title='bbox 660 4386 781 4422; x_wconf 87' lang='lat' dir='ltr'>versuum</span> <span class='ocrx_word' id='word_1_299' title='bbox 799 4388 929 4440; x_wconf 85' lang='lat' dir='ltr'>apponam</span> <span class='ocrx_word' id='word_1_300' title='bbox 952 4387 1076 4423; x_wconf 89' lang='lat' dir='ltr'>numeros</span> <span class='ocrx_word' id='word_1_301' title='bbox 1098 4373 1365 4424; x_wconf 83' lang='lat' dir='ltr'>Westermanniauae</span> 
     </span>
     <span class='ocr_line' id='line_1_31' title="bbox 168 4457 302 4510; baseline 0.03 -4"><span class='ocrx_word' id='word_1_302' title='bbox 168 4457 302 4510; x_wconf 87' lang='lat' dir='ltr'>editionis.</span> 
     </span>
     <span class='ocr_line' id='line_1_32' title="bbox 266 4539 1364 4616; baseline 0.005 -22"><span class='ocrx_word' id='word_1_303' title='bbox 266 4539 279 4579; x_wconf 75' lang='lat'>²</span> <span class='ocrx_word' id='word_1_304' title='bbox 296 4545 427 4597; x_wconf 86' lang='lat' dir='ltr'>Antonini</span> <span class='ocrx_word' id='word_1_305' title='bbox 444 4545 577 4598; x_wconf 87' lang='lat' dir='ltr'>Liberalis</span> <span class='ocrx_word' id='word_1_306' title='bbox 601 4547 854 4600; x_wconf 82' lang='lat' dir='ltr'>transformationum</span> <span class='ocrx_word' id='word_1_307' title='bbox 877 4548 1013 4612; x_wconf 82' lang='lat' dir='ltr'>congeries</span> <span class='ocrx_word' id='word_1_308' title='bbox 1038 4548 1079 4598; x_wconf 89' lang='lat' dir='ltr'>ed.</span> <span class='ocrx_word' id='word_1_309' title='bbox 1099 4548 1131 4600; x_wconf 87' lang='lat' dir='ltr'>G.</span> <span class='ocrx_word' id='word_1_310' title='bbox 1149 4552 1184 4600; x_wconf 84' lang='lat' dir='ltr'>A.</span> <span class='ocrx_word' id='word_1_311' title='bbox 1201 4548 1283 4598; x_wconf 92' lang='lat' dir='ltr'>Koch</span> <span class='ocrx_word' id='word_1_312' title='bbox 1302 4551 1364 4616; x_wconf 92' lang='lat' dir='ltr'>Lip-</span> 
     </span>
     <span class='ocr_line' id='line_1_33' title="bbox 168 4633 319 4698; baseline 0.02 -16"><span class='ocrx_word' id='word_1_313' title='bbox 168 4633 222 4683; x_wconf 84' lang='lat' dir='ltr'>siae</span> <span class='ocrx_word' id='word_1_314' title='bbox 243 4633 319 4698; x_wconf 85' lang='lat'>1832.</span> 
     </span>
     <span class='ocr_line' id='line_1_34' title="bbox 268 4717 745 4780; baseline 0.01 -7"><span class='ocrx_word' id='word_1_315' title='bbox 268 4717 280 4755; x_wconf 81' lang='lat'>³</span> <span class='ocrx_word' id='word_1_316' title='bbox 299 4718 366 4774; x_wconf 85' lang='grc' dir='ltr'><strong><em>ιιιιιδι</em></strong></span> <span class='ocrx_word' id='word_1_317' title='bbox 385 4717 455 4776; x_wconf 76' lang='grc' dir='ltr'><strong><em>θεὸν</em></strong></span> <span class='ocrx_word' id='word_1_318' title='bbox 472 4723 587 4774; x_wconf 86' lang='lat' dir='ltr'>coniecit</span> <span class='ocrx_word' id='word_1_319' title='bbox 606 4724 745 4780; x_wconf 84' lang='lat' dir='ltr'>Muncker.</span> 
     </span>
     <span class='ocr_line' id='line_1_35' title="bbox 1151 4825 1162 4862; baseline 0 0"><span class='ocrx_word' id='word_1_320' title='bbox 1151 4825 1162 4862; x_wconf 92' lang='lat'>1</span> 
     </span>
    </p>
   </div>
   <div class='ocr_carea' id='block_1_7' title="bbox 0 0 1655 5342">
    <p class='ocr_par' dir='ltr' id='par_1_26' title="bbox 0 0 1655 5342">
     <span class='ocr_line' id='line_1_36' title="bbox 0 0 1655 5342; baseline 0 0"><span class='ocrx_word' id='word_1_321' title='bbox 0 0 1655 5342; x_wconf 95' lang='lat' dir='ltr'> </span> 
     </span>
    </p>
   </div>
  </div>
 </body>
</html>
