3292 5342
754 362 963 420 ,40-

362 534 470 593 Rarius
484 529 549 611 ἄχρι
563 533 594 590 in
609 533 724 610 protasi
737 531 846 608 legitur
860 533 943 592 velut
956 550 985 608 p.
999 547 1069 606 210,
1083 547 1122 605 24
1138 539 1170 590 et
1186 532 1255 602 228,
1269 549 1302 590 21
1321 529 1341 592 ¹.
1365 533 1458 593 Cete-

266 655 332 694 rum
344 647 378 693 ut
393 637 487 694 levius
505 636 618 712 aliquid
640 635 797 710 attingam,
812 629 878 711 ἄχρι
892 633 1019 692 formam
1042 641 1114 691 ante
1130 644 1337 694 consonantes
1358 637 1463 711 posuit

266 738 454 807 Antoninus;
471 735 508 794 ci.
521 755 550 813 p.
564 751 634 805 210,
648 752 676 810 3.
690 751 742 807 24;
760 749 829 804 212,
841 751 874 810 3;
891 750 960 809 223,
975 749 1028 808 23;
1046 735 1117 812 228,
1131 751 1183 804 22;
1201 735 1319 810 229,6;
1337 752 1407 810 232,
1421 735 1462 794 26

264 849 294 898 et
322 857 443 916 semper
471 833 536 915 ἄχρι
562 839 626 911 νῦνς
653 837 724 894 vide
754 837 904 913 exempla,
937 853 1017 912 quae
1043 837 1131 894 attuli
1157 852 1226 913 p.5
1256 838 1345 906 diss.;
1381 832 1464 914 ἄχρις

263 948 335 997 ante
368 939 491 997 vocales
524 957 554 1014 p.
579 953 649 1012 203,
675 954 710 1011 23
739 943 770 993 et
802 953 831 1011 p.
859 951 929 1010 209,
952 949 989 1010 23
1003 933 1025 996 ².
1080 937 1189 1014 Itaque
1217 939 1335 1012 corrige
1368 939 1459 996 sodes

265 1061 294 1116 p.
309 1055 379 1110 222,
396 1057 428 1097 11
447 1034 513 1116 ἄχρι
533 1033 620 1108 αὐτὸς
633 1046 664 1096 et
678 1057 708 1114 p.
726 1053 795 1112 211,
810 1051 846 1094 22
863 1031 942 1112 ἄχρις
963 1032 1034 1114 πρὸς
1054 1038 1083 1096 iu
1106 1033 1185 1115 ἄχρις
1204 1034 1291 1108 αὐτὸς
1303 1047 1336 1096 et
1349 1039 1381 1097 in
1395 1033 1464 1116 ἄχρι

264 1135 371 1217 πρόςῧ.
415 1139 572 1212 Quoniam
604 1147 707 1196 autem
739 1137 800 1195 iam
833 1154 924 1212 supra
956 1135 1115 1196 vidimus4
1146 1139 1336 1198 Antoninum
1369 1140 1462 1198 etiam

266 1241 510 1319 praepositiones
543 1248 616 1298 ante
649 1239 773 1298 vocales
802 1239 925 1306 elidere,
955 1239 1118 1297 arbitretur
1150 1239 1277 1300 fortasse
1309 1241 1460 1317 quispiam

232 1345 235 1352 '
266 1342 390 1400 omnino
414 1340 531 1399 hiatum
551 1340 651 1397 abeo
677 1339 803 1396 vitatum
825 1356 904 1398 esse.
948 1338 1068 1398 Tamen
1090 1341 1200 1400 vitatus
1223 1360 1286 1400 non
1308 1350 1364 1402 est.
1398 1341 1459 1400 Ob·

266 1451 404 1518 strepunt
432 1443 499 1516 plus
528 1440 751 1517 quinquaginta
778 1439 926 1516 exempla,
958 1457 1035 1515 quae
1063 1441 1166 1500 omnia
1188 1460 1347 1502 removere
1373 1443 1460 1500 nimis

266 1543 459 1602 temerarium
486 1539 602 1603 essert.
646 1541 748 1600 Etiam
774 1559 813 1598 ex
840 1541 899 1599 hac
926 1560 959 1600 re
986 1542 1101 1618 aliquid
1128 1543 1169 1600 de
1190 1543 1337 1602 Antonini
1360 1551 1463 1602 aetate

267 1644 398 1702 fortasse
420 1643 604 1702 concludere
628 1643 706 1702 licet.
743 1641 889 1700 Nimirum
912 1643 1079 1718 sophistae,
1103 1661 1231 1720 quorum
1252 1645 1283 1702 in
1306 1663 1465 1702 numerum

267 1747 447 1822 scriptorem
468 1755 606 1804 nostrum
627 1745 735 1820 refero,
759 1753 868 1820 quarto
891 1753 922 1802 et
945 1745 1052 1820 quinto
1073 1745 1200 1804 saeculis
1216 1745 1315 1804 Cassii
1331 1745 1466 1820 Longini

267 1847 409 1922 exempla
431 1847 529 1905 secuti
551 1848 592 1906 ad
612 1863 705 1904 unum
727 1863 835 1903 omnes
857 1845 972 1904 hiatum
992 1846 1149 1904 artissimis
1165 1847 1467 1922 circumscripserunt

267 1944 416 2021 finibus⁶;
444 1948 527 2006 idem
548 1949 579 2006 in
602 1966 656 2006 eos
679 1947 731 2024 qui
761 1955 834 2005 ante
854 1947 1024 2005 Lucienum
1050 1948 1211 2015 florebant,
1233 1947 1331 2008 cadit:
1362 1949 1467 2004 elucet

267 2067 325 2125 ego
348 2050 459 2107 eadem
490 2051 553 2108 lere
578 2059 750 2125 temporum
777 2047 865 2118 ratic,
894 2067 985 2123 quam
1010 2067 1102 2124 supra
1124 2046 1168 2126 (p.
1183 2065 1222 2123 33
1246 2059 1278 2107 et
1298 2045 1352 2126 35)
1380 2067 1465 2107 com-

267 2151 414 2210 mendare
437 2150 540 2209 conati
566 2167 676 2210 sumus.

369 2349 462 2457 ΙἝζως
479 2400 559 2466 plane
579 2401 652 2454 deest
670 2401 740 2468 apud
758 2401 930 2454 Antoninum.

367 2486 380 2524 2
398 2489 493 2538 Itidem
507 2487 692 2555 Apollodorus
710 2490 738 2538 in
757 2489 920 2539 bibliotheca
937 2494 1020 2559 μέχρι
1041 2497 1066 2540 et
1084 2492 1183 2559 μέχρις
1195 2493 1341 2558 usurpavit3
1361 2509 1412 2557 qna
1433 2495 1467 2544 de

268 2593 345 2626 causa
364 2577 483 2627 Hercher
501 2591 638 2642 perperam
660 2559 796 2642 te'rnptavit
815 2577 837 2636 1,
848 2590 898 2642 3,4
917 2578 1017 2646 μέχρις
1035 2579 1081 2642 εΙς;
1102 2579 1123 2639 Ι,
1136 2589 1186 2642 3,7
1205 2581 1304 2648 μέχρις
1319 2573 1467 2646 Ἡρακλῆςς

268 2667 289 2726 Ι,
300 2677 325 2732 9,
337 2677 405 2731 22,7
423 2667 522 2735 μέχρις
533 2657 696 2735 Ἐχινιὶδωνς
714 2666 824 2716 eandem
838 2667 947 2716 formam
966 2667 1029 2717 alibi
1042 2669 1146 2733 saepius
1161 2668 1276 2718 revocan'
1290 2683 1396 2720 necesse
1416 2678 1465 2722 est.

369 2750 440 2804 ³De
458 2747 519 2823 ι’ἑχρι
540 2749 609 2822 πρὸς
627 2755 660 2805 cl.
680 2756 780 2807 Krebs.
800 2755 819 2807 l.
839 2769 860 2808 c.
879 2757 893 2806 I
909 2773 934 2822 p.
958 2755 999 2820 38.

371 2838 426 2908 ⁴p.
444 2856 477 2908 23
497 2845 561 2898 diss.

371 2928 383 2964 ⁵
402 2931 563 2996 Quamquam
589 2933 659 3000 apud
677 2933 856 3000 Parthenium,
882 2934 954 2984 cuius
973 2932 1077 2983 libellus
1101 2933 1165 2982 duas
1184 2940 1271 3000 partes
1290 2934 1468 2984 Antoniniani

271 3019 396 3080 continet,
421 3019 519 3070 centies
545 3021 644 3072 hiatum
669 3021 818 3088 neglectum
842 3037 900 3072 esse
927 3022 990 3073 vidi.
1026 3022 1149 3072 Ceterum
1167 3022 1289 3088 quoniam
1308 3023 1403 3088 aliquis
1424 3039 1467 3072 me

272 3108 389 3172 argutior
407 3107 564 3174 peculiarem
584 3110 715 3175 quandam
736 3111 854 3174 regulam
882 3127 958 3176 quam
975 3109 1125 3160 Antoninus
1153 3110 1181 3159 in
1200 3111 1364 3160 admittendo
1393 3111 1468 3160 hiatu

270 3203 374 3247 secutus
394 3197 436 3256 sit,
454 3195 566 3246 sortasse
585 3197 715 3264 dispiciet,
739 3199 826 3248 omnia
843 3199 930 3248 hiatus
954 3197 1069 3262 neglecti
1095 3197 1214 3264 exempla
1236 3215 1367 3264 apponere
1385 3201 1465 3250 iuvat.

270 3284 400 3334 Undecim
425 3283 529 3334 fabulas
555 3285 627 3334 hiatu
653 3300 738 3336 carere
763 3286 853 3337 hercle
877 3284 1050 3336 memorabile
1072 3293 1119 3338 est.
1156 3285 1223 3336 Sunt
1249 3286 1321 3338 labb.
1341 3297 1365 3350 3,
1384 3299 1400 3349 4
1419 3285 1465 3354 (el.

269 3387 324 3440 p.7
344 3372 426 3440 diss),
446 3385 471 3438 9,
494 3385 533 3440 14,
553 3386 596 3436 24,
616 3373 659 3439 28,
678 3385 720 3436 29,
740 3387 770 3438 32
793 3373 838 3441 (cf.
857 3391 882 3440 p.
897 3387 930 3438 24
950 3371 1026 3442 diss.)
1045 3386 1086 3438 32,
1107 3375 1148 3438 36,
1169 3385 1210 3439 37.
1239 3374 1384 3438 Neglectus
1402 3391 1467 3426 vero

270 3462 356 3514 hiatus
381 3469 421 3513 est
443 3479 469 3529 p.
492 3474 552 3522 201,
572 3474 619 3528 27;
649 3474 708 3522 202,
732 3463 839 3530 11.18;
868 3475 995 3530 203,12;
1025 3475 1084 3530 205,
1104 3461 1169 3530 25²³,
1197 3463 1320 3524 206,11.
1344 3461 1400 3514 18*.
1418 3475 1467 3530 25;

270 3551 397 3615 207,18;
423 3551 484 3611 208,
503 3562 528 3612 9.
549 3561 591 3602 20.
611 3562 658 3616 27;
688 3562 748 3612 209,
768 3562 816 3614 32,
843 3563 902 3612 210,
923 3562 969 3617 223
995 3563 1055 3611 211,
1076 3563 1122 3620 ²03
1148 3563 1209 3615 223,
1231 3553 1273 3606 18.
1290 3564 1335 3613 29;
1361 3564 1421 3615 224,
1444 3565 1468 3604 2.

272 3651 295 3691 2.
318 3651 362 3701 29;
392 3639 452 3698 216,
472 3649 500 3704 5;
530 3650 591 3703 217,
610 3651 635 3688 2.
656 3636 696 3691 8*.
719 3651 758 3691 11.
781 3651 826 3706 173
858 3640 917 3699 218,
938 3651 980 3690 21.
1000 3650 1042 3704 25.
1064 3652 1107 3706 27;
1137 3652 1198 3700 220,
1220 3653 1267 3708 29;
1294 3653 1355 3700 221,
1375 3653 1398 3702 4.
1419 3643 1467 3700 26;

271 3739 331 3787 222,
353 3740 379 3786 1;
400 3739 459 3789 223,
479 3737 503 3790 7.
524 3739 570 3793 23;
592 3739 652 3790 224,
672 3739 721 3794 20;
741 3739 802 3793 225,
817 3739 862 3788 213
884 3728 942 3788 226,
962 3725 1023 3792 17*;
1042 3728 1103 3788 228,
1118 3727 1148 3788 81
1168 3741 1227 3792 231,
1244 3741 1267 3795 5.
1279 3730 1328 3796 263
1348 3741 1408 3794 232,
1422 3742 1468 3794 27;

271 3828 331 3879 234,
352 3827 397 3882 24;
426 3827 487 3882 235,
511 3829 533 3866 1.
555 3829 600 3881 27;
625 3817 684 3879 236,
705 3828 729 3880 3.
750 3829 774 3880 7.
795 3817 818 3868 8.
838 3828 885 3882 24;
914 3828 975 3881 237,
994 3829 1018 3882 7.
1041 3829 1080 3867 10.
1104 3828 1143 3867 11.
1165 3830 1211 3883 223
1241 3819 1303 3884 238,
1325 3831 1345 3870 2.
1384 3818 1469 3869 Omisi

270 3905 346 3955 locos
366 3912 454 3971 aperte
474 3911 619 3972 corruptos,
637 3906 722 3970 magis
740 3905 859 3956 minusve
879 3906 1009 3971 suspectis
1028 3905 1120 3955 addidi
1140 3906 1300 3957 asteriscum.
1322 3907 1469 3956 Praeterire

271 3993 331 4044 nolo
356 3992 456 4042 hiatum
479 3993 506 4044 ll.
524 3993 554 4045 ll.
572 3993 725 4060 plerumque
749 4000 792 4044 aut
815 3999 876 4059 post
901 3991 962 4044 irtel
980 3999 1006 4043 et
1025 3993 1049 4044 el
1067 3995 1264 4046 coniunctiones
1284 4001 1328 4044 aut
1346 4002 1405 4044 ante
1424 3995 1467 4044 vel

270 4087 331 4148 post
349 4073 428 4138 αὐτὸς
445 4082 608 4147 pronominis
627 4081 724 4132 formas
748 4082 810 4145 legi.
847 4083 958 4131 Exstant
977 4097 1038 4131 vero
1064 4083 1161 4148 quibus
1181 4081 1268 4132 hiatus
1289 4082 1411 4132 consulto
1430 4083 1468 4131 vi·

271 4177 340 4220 tatus
368 4185 425 4220 esse
456 4171 558 4222 videtur
586 4171 704 4237 exempla
732 4169 779 4237 (cs.
798 4187 876 4238 supra
894 4187 919 4236 p.
940 4172 956 4220 6
977 4177 1003 4220 et
1020 4182 1054 4233 39
1078 4187 1137 4224 ann.
1158 4171 1195 4240 6),
1223 4173 1295 4221 velut
1319 4170 1467 4220 invenimus

270 4275 296 4325 p.
314 4271 403 4323 211,7
423 4257 540 4311 δίδωσιν
553 4252 679 4326 ἀπάγειν,
699 4275 757 4310 cum
777 4257 852 4310 διδοῖ
870 4259 953 4309 forma
972 4276 998 4325 p.
1018 4271 1078 4324 207,
1101 4272 1132 4325 14
1151 4260 1215 4310 alias
1235 4259 1278 4327 (cf.
1297 4278 1323 4326 p.
1338 4271 1371 4323 34
1390 4257 1468 4325 diss.)

272 4353 331 4397 ante
344 4354 518 4398 consonantes
533 4347 649 4412 legatur;
668 4365 694 4416 p.
707 4359 766 4412 237,
780 4348 811 4397 16
831 4354 937 4414 praesto
951 4353 992 4398 est
1004 4343 1131 4414 ἐθελήσαι
1148 4347 1200 4413 τῆς,
1213 4349 1294 4415 paulo
1306 4353 1368 4414 post
1381 4354 1467 4397 autern

272 4436 318 4504 (ib.
332 4453 356 4488 v.
373 4438 415 4500 22)
434 4429 590 4502 ἐθελήσειεν
608 4431 675 4508 ἅμα.
712 4437 811 4488 Nescio
835 4453 868 4486 an
886 4437 936 4486 hac
955 4437 1054 4487 ratione
1074 4437 1180 4488 delendi
1199 4437 1302 4504 possint
1319 4453 1344 4502 p.
1358 4435 1418 4495 228,
1433 4446 1465 4500 52

270 4525 351 4576 verba
368 4517 482 4591 ἤλλαξαν
497 4520 544 4577 o'rn'
566 4520 725 4595 ἀνθρώπων
743 4526 780 4582 εἰς
799 4523 919 4595 δαίμονα
939 4525 996 4590 (pro
1016 4518 1063 4576 εἶπ’
1083 4517 1243 4594 ἀνθρώπου,
1263 4523 1469 4575 sicutMuncker

272 4613 400 4682 mutarit).

371 4701 441 4755 ⁰Cs.
461 4705 493 4756 de
502 4706 629 4756 Rohden.
650 4703 700 4756 ‘De
720 4704 810 4755 mundi
822 4695 970 4753 ‘miraculis'
988 4704 1097 4753 Bonnae
1120 4702 1185 4768 1875
1207 4719 1233 4768 p.
1245 4703 1278 4766 36
1298 4709 1325 4752 et
1343 4703 1377 4766 38
1396 4717 1453 4769 sqq.
