3292 5342
831 1187 877 1260 111

357 1421 472 1478 Fontes
494 1421 577 1477 unde
600 1418 734 1478 hauserit
755 1419 928 1476 Antoninus
949 1419 1122 1495 quicunque
1144 1419 1325 1498 investigare
1347 1422 1449 1479 stude-

254 1523 306 1594 bit,
330 1540 350 1582 a
373 1521 496 1580 testium
518 1521 656 1580 indiculis
686 1521 718 1578 in
738 1521 876 1596 margine
899 1521 1013 1578 codicis
1035 1521 1162 1578 Palatini
1186 1522 1228 1579 ad
1251 1521 1384 1596 singulas
1406 1521 1450 1580 sa·

255 1623 340 1680 bulas
362 1621 498 1696 ascriptis
521 1639 584 1678 non
606 1621 755 1698 proficisci
777 1640 839 1680 non
853 1623 975 1698 poterit.
1002 1622 1056 1680 Illa
1071 1629 1174 1680 autem
1191 1622 1366 1684 testimonia
1388 1640 1451 1680 non

255 1723 312 1799 ipsi
333 1721 473 1798 Liberali,
496 1723 572 1780 sicut
595 1723 648 1780 viri
671 1723 755 1781 docti
776 1724 819 1782 ad
841 1740 934 1781 unum
956 1740 1062 1780 omnes
1085 1722 1156 1780 olim
1177 1731 1371 1798 putaverunt,
1394 1722 1451 1780 sed

255 1823 374 1882 erudito
396 1832 429 1882 et
450 1831 569 1881 vetusto
593 1823 700 1882 deberi
722 1823 932 1898 interpolatori
953 1823 1092 1880 Hercher
1119 1831 1181 1881 tam
1208 1823 1299 1882 certis
1322 1822 1451 1880 subinde

255 1924 465 2001 comprobavit
486 1924 672 1999 argumentis
695 1932 725 1982 et
747 1924 834 1983 evicit
847 1919 868 1996 1,
890 1932 923 1982 ut
943 1925 985 1982 de
1006 1923 1066 1982 hac
1087 1942 1120 1982 re
1141 1941 1181 1981 ne
1205 1926 1310 1982 umbra
1326 1924 1451 2000 quidem

255 2026 386 2103 supersit
407 2027 604 2084 dubitationis
617 2024 638 2086 ².
686 2028 860 2102 Antequam
882 2044 955 2102 ergo
978 2027 1018 2082 de
1040 2026 1159 2084 ratione
1182 2044 1263 2102 quae
1286 2025 1365 2083 inter
1387 2023 1450 2082 An-

257 2127 395 2185 toninum
423 2127 647 2204 scriptoresque
678 2136 712 2185 ut
739 2136 882 2186 auctores
911 2127 1017 2184 allatos
1040 2127 1220 2196 intercedat,
1244 2127 1356 2184 certius
1377 2125 1452 2184 iudi·

257 2247 327 2288 care
341 2228 501 2304 possimus,
524 2230 564 2288 de
583 2228 828 2287 testimoniorum
850 2228 966 2304 origine
988 2229 1028 2286 de
1045 2227 1105 2286 fide
1121 2227 1294 2286 litteratoris
1310 2227 1452 2285 consilio·

258 2347 318 2406 que
341 2346 523 2406 quaeramus
550 2346 678 2387 necesse
707 2338 763 2388 est.
807 2329 908 2401 Quam
934 2328 1146 2403 quaestionem
1173 2329 1262 2387 latins
1284 2336 1390 2404 patere
1412 2328 1452 2384 vi·

258 2431 364 2488 demus
387 2430 538 2506 altiusque
561 2429 762 2506 repetendam
778 2446 856 2495 esse,
876 2428 1127 2506 quandoquidem
1143 2429 1307 2487 simillimos
1329 2427 1453 2486 testium

256 2530 373 2588 indices
403 2531 528 2606 singulis
557 2529 710 2588 Parthenii
741 2527 889 2604 capitibus
918 2529 948 2586 in
976 2530 1087 2588 eodem
1114 2529 1222 2588 codice
1248 2530 1359 2588 eadem
1388 2528 1453 2586 fere

260 2631 377 2690 ratione
404 2631 553 2710 praefixos
581 2649 618 2687 ex
646 2632 756 2690 eadem
782 2629 933 2705 prodiisse
959 2630 1080 2688 officina
1107 2632 1273 2689 admodum
1295 2631 1454 2706 probabile

259 2727 342 2792 estil.
387 2733 487 2808 Atque
510 2732 550 2790 de
577 2730 699 2789 scholiis
723 2729 934 2788 Parthenianis
956 2730 1096 2789 Rohdius
1124 2731 1167 2788 vir
1192 2731 1454 2806 ingeniosissimus

259 2833 277 2892 l.
301 2832 318 2892 l.
351 2851 380 2908 p.
404 2847 460 2905 115
484 2850 555 2890 ann.
580 2848 596 2889 2
628 2832 723 2890 fusius
751 2831 814 2906 egit
836 2831 1116 2908 demonstravitque
1138 2831 1199 2890 fide
1220 2841 1326 2895 nostra
1348 2833 1454 2909 utique

257 2931 351 3007 digna
373 2949 451 3004 esse,
484 2942 518 2989 ut
544 2933 585 2990 de
614 2932 670 2991 illis
694 2933 950 3008 supersedeamus
973 2932 1121 2993 oratione.
1164 2933 1359 3012 Quamquam
1381 2953 1454 2994 vero
1538 2935 1542 2942 ’

258 3035 299 3092 de
322 3033 536 3092 Antoninianis
559 3035 682 3094 scholiis
704 3035 787 3092 idern
813 3035 1011 3094 statuendum
1034 3051 1102 3092 esse
1118 3051 1208 3093 nemo
1231 3053 1293 3094 non
1313 3038 1453 3113 protinus

257 3136 426 3194 contendet
448 3165 485 3175 -
511 3135 648 3212 dixitque
670 3135 807 3212 praecise
823 3134 964 3192 Rohdius
987 3165 1026 3176 —
1049 3142 1153 3192 tamen
1174 3136 1311 3194 nonnulli
1332 3147 1450 3197 restant

257 3235 386 3310 scrupuli
419 3254 497 3311 quos
530 3237 679 3295 removeri
713 3245 842 3312 oportet.
887 3235 957 3294 Duo
994 3236 1074 3294 enim
1113 3245 1261 3313 quantum
1296 3240 1360 3298 scio
1394 3241 1453 3300 loci

257 3345 329 3396 sunt
354 3339 462 3414 quibus
490 3339 663 3398 litteratoris
690 3340 782 3398 fidem
809 3339 983 3415 ponderare
1005 3347 1037 3396 et
1058 3339 1230 3398 examinare
1256 3341 1353 3402 liceat.
1398 3341 1451 3399 Ad

257 3438 390 3497 fabulam
416 3441 563 3499 Antonini
593 3439 768 3514 vigesimam
795 3447 913 3496 sextam
936 3457 1017 3515 quae
1040 3448 1089 3498 est
1111 3441 1150 3497 de
1172 3439 1261 3516 Hyla,
1290 3440 1454 3500 scholiasta

257 3539 414 3598 annotavit
435 3534 543 3619 ἱστορεῖ
561 3536 724 3618 Νίκανδρος
748 3532 968 3616 ἓτεροιουμένων
989 3528 1028 3599 δ’.
1073 3539 1166 3615 Atqui
1187 3541 1310 3600 evolvas
1333 3559 1451 3619 quaeso

256 3641 409 3716 Apollonii
431 3641 544 3699 Rhodii
566 3641 681 3700 scholia
702 3641 724 3718 l,
753 3639 832 3713 1236
857 3634 1009 3717 Θεόκριτος
1030 3636 1063 3698 ἐν
1084 3642 1140 3711 τοῖς
1155 3639 1341 3713 Βουκολικοῑς
1361 3639 1393 3702 ἐν
1413 3645 1454 3728 τῷ

250 3736 326 3823 Ὓλᾳ
356 3737 580 3825 ἐπιγραφομένῳ
608 3731 668 3801 ὑπὸ
698 3745 798 3802 πασῶν
824 3759 909 3820 φησιν
934 3734 1022 3800 αὐτὸν
1050 3745 1104 3800 τῶν
1131 3742 1255 3822 νυμφῶν
1288 3737 1453 3820 donaolim.

251 3838 372 3912 Ὀνασος
392 3838 424 3902 δὲ
445 3838 477 3901 ἒν
498 3839 538 3927 τῷ
560 3838 588 3900 α’
612 3838 876 3919 τῶνἈμαζονικῶν
898 3836 1021 3900 πεσόντα
1041 3837 1089 3900 τὸν
1106 3835 1198 3901 Ὕλαν
1219 3841 1306 3924 φησὶν
1325 3831 1453 3920 inoppi-

252 3963 317 4020 χιον
340 3937 485 4022 γενέσθαι.
532 3940 598 4002 Καὶ
619 3939 785 4021 Νίκανδρος
810 3938 842 4002 ἐν
868 3943 907 4028 τῷ
936 3937 1058 4026 δευτέρῳ
1080 3945 1135 4000 τῶν
1154 3936 1374 4020 ἔτεροιουμένων
1395 3939 1453 4003 ὕπὸ

328 4170 339 4208 ¹
358 4176 429 4225 Vide
449 4175 541 4240 philol.
557 4177 611 4226 VH
628 4192 653 4242 p.
663 4177 725 4239 462,
746 4176 832 4226 Iahnii
847 4176 930 4227 annal.
945 4175 1072 4226 LXXXI
1090 4192 1115 4242 p.
1132 4187 1194 4241 452,
1207 4176 1346 4244 praecipue
1360 4179 1452 4232 Herm.

257 4264 314 4314 XII
332 4279 357 4328 p.
372 4263 472 4328 306sq.
492 4264 674 4314 Assenserunt
689 4265 842 4316 Meinehius
861 4262 955 4330 philol.
973 4263 1046 4312 XIV
1063 4279 1089 4328 p.
1109 4276 1124 4329 7
1145 4270 1171 4314 et
1189 4265 1316 4316 Rohdius
1334 4266 1362 4316 in
1382 4267 1452 4317 libro

256 4352 392 4418 praeclaro
411 4348 526 4404 ‘Griecn
545 4351 663 4403 Rornan'
678 4369 704 4420 p.
728 4365 785 4414 114.

355 4438 515 4491 2Hercheri
535 4443 688 4492 sententiam
707 4443 927 4510 impugnaverunt
945 4440 1092 4492 Schneider
1116 4442 1144 4491 in
1163 4443 1205 4495 ed.
1224 4441 1350 4492 Nicandri
1372 4459 1398 4508 p.
1417 4455 1450 4508 27

258 4545 316 4582 ann.
338 4544 358 4581 1'
372 4537 398 4580 et
415 4529 543 4594 Bergkius
563 4530 677 4583 ‘Griech
697 4525 997 4594 Litteraturgeschichte'
1019 4529 1072 4579 vol.
1089 4531 1103 4578 I
1122 4545 1147 4595 p.
1168 4540 1227 4594 233.

358 4616 369 4653 ³
393 4620 433 4673 cf.
454 4619 584 4670 Hercheri
604 4619 621 4671 l.
641 4620 658 4672 l.
678 4637 704 4686 p.
725 4632 803 4684 307;·
819 4619 852 4668 de
877 4617 1110 4668 Parthenianarum
1135 4617 1322 4685 ascriptionum
1350 4616 1451 4681 origine

258 4723 348 4758 verum
364 4709 430 4759 vidit
447 4708 505 4774 ipse
529 4707 647 4758 Cobetus
666 4725 718 4760 var.
738 4709 799 4758 lect.
816 4703 861 4759 ed.
881 4722 930 4759 sec.
950 4723 976 4773 p.
992 4717 1051 4768 203.
