3292 5342
677 387 884 448 ..25-

279 576 311 632 p.
323 573 392 632 229,
407 573 422 614 2
437 575 482 634 sq.
507 545 544 636 ήν
558 554 589 617 δὲ
610 554 641 617 τὸ
664 553 750 620 πλέον
770 555 866 631 αὐτοῖς
885 563 935 638 τής
956 555 1086 636 στρατιᾶς
1104 551 1227 636 ἔποικον,
1236 552 1376 636 Ἰλλυριοί,

127 673 129 678 ·
175 653 351 717 Μεσσάπιοι
373 677 453 734 quae
476 658 644 718 Schneider
665 659 696 732 (l.
713 679 737 722 c.
759 679 789 736 p.
807 675 844 734 55
869 649 939 718 ann.
970 656 996 738 1)
1019 659 1208 735 vituperavit,
1232 655 1377 735 quoniam

182 746 263 816 ‘non
286 759 385 816 solum
413 761 542 836 copulae
571 761 712 820 desectus
735 761 872 835 offendit,
906 763 964 820 sed
989 761 1084 819 multo
1112 759 1209 835 magis
1234 807 1239 820 .
1262 803 1269 818 .
1292 758 1376 834 quod

174 859 349 936 lllyriorum
371 904 397 918 ..
419 861 502 920 nulla
521 862 552 918 in
574 863 760 936 assignanda
782 871 862 920 terra
884 862 961 920 ratio
983 861 1087 920 habita
1110 869 1167 921 est.
1202 861 1311 936 Itaque
1323 858 1375 918 Ni-

177 963 328 1020 candrum
353 970 429 1038 puto
451 963 627 1021 nominasse
653 963 826 1039 Messapios
856 965 895 1022 ab
917 962 1016 1038 Illyria
1039 962 1195 1022 oriundos.
1218 1007 1226 1021 .
1248 961 1289 1018 At
1314 959 1374 1018 for·

175 1070 262 1120 tasse
290 1063 404 1125 Anton.
437 1063 556 1138 scripsit
580 1057 711 1139 Ἰλλύριοι
733 1059 920 1136 Μεσσαπίου,
952 1071 985 1120 ut
1007 1062 1182 1137 Messapius
1209 1060 1374 1137 lllyriorum

176 1163 241 1222 dux
266 1164 365 1234 fuerit,
395 1173 448 1222 aut
466 1156 597 1240 Ἰλλύριοι
623 1165 701 1222 male
728 1165 788 1224 huc
812 1165 929 1223 illatum
952 1181 989 1220 ex
1013 1164 1077 1224 iah·
1099 1151 1159 1238 37³.
1202 1162 1299 1221 Vides
1322 1159 1374 1218 viri

174 1265 348 1322 doctissimi
375 1272 566 1341 quantopere
593 1265 719 1323 fluctuet
746 1265 900 1326 iudicium.
944 1266 1045 1340 Atque
1075 1272 1150 1321 uta
1173 1261 1373 1336 codicepro·

173 1364 353 1440 ficiscamur,
376 1365 513 1424 librarius
535 1343 661 1444 λ’λλσριοὶ
688 1369 774 1444 quod
805 1367 910 1443 spiritu
937 1375 1021 1425 caret
1042 1372 1075 1424 et
1095 1371 1212 1441 puncto
1234 1369 1373 1421 notatum

172 1474 234 1534 est,
263 1475 450 1544 expunctum
477 1469 579 1526 voluit.
624 1467 718 1542 Quod
746 1487 798 1527 cur
832 1488 894 1526 non
922 1468 995 1526 satis
1025 1485 1094 1525 esse
1126 1465 1256 1537 credam,
1279 1481 1373 1521 eausa

173 1568 355 1642 gravissima
388 1587 478 1644 quam
510 1569 729 1628 Schneiderum
756 1571 846 1628 miror
872 1570 1022 1645 effugisse,
1051 1569 1082 1626 in
1110 1567 1146 1625 iis
1177 1584 1258 1640 quae
1280 1565 1371 1640 paulo

172 1677 248 1744 post
270 1671 311 1727 de
333 1687 481 1746 pagorum
504 1670 678 1728 nominibus
700 1671 864 1728 aducibus
887 1670 1056 1746 desumptis
1079 1676 1247 1738 narrantur,
1269 1665 1370 1724 inesse

172 1769 307 1828 videtur.
351 1771 462 1829 Terras
492 1773 573 1830 enim
602 1779 767 1848 occupatas
797 1772 966 1830 secundum
987 1771 1112 1828 nomina
1133 1771 1245 1828 ducum
1267 1767 1371 1843 appel·

173 1873 254 1929 latas
269 1889 339 1929 esse
355 1871 499 1930 certiores
514 1871 601 1930 fimus
617 1887 673 1945 v.5
696 1867 749 1949 τήν
761 1875 819 1950 γῆν
832 1867 969 1948 ἐμέρισαν
986 1875 1064 1954 τριχῇ
1086 1869 1135 1929 καὶ
1157 1864 1314 1946 ὠνόμασαν
1335 1861 1372 1938 άις

171 1967 301 2043 ἑκάστοις
323 1966 462 2050 ἡγεμόνος
481 1962 540 2050 εἶχε
557 1968 703 2044 Δασνίοος
722 1970 771 2031 καὶ
792 1969 966 2044 Πευκετίσος
982 1971 1031 2031 καὶ
1052 1966 1245 2042 Μεσσαπίους
1263 2015 1269 2030 .
1291 2015 1297 2028 .
1316 2015 1322 2029 .
1340 1963 1370 2026 τό

171 2067 206 2131 δὲ
229 2069 348 2149 σύμπαν
368 2065 456 2145 ἔθνος
476 2063 635 2149 ὠνόμασαν
653 2069 803 2152 Ἰαπύγων.
835 2073 949 2150 Utique
971 2074 1061 2150 igitur
1082 2090 1210 2132 necesse
1230 2079 1278 2128 est
1288 2071 1369 2129 Mes·

174 2169 308 2250 sapum1
330 2175 441 2232 ducem
457 2174 549 2233 fuisse
565 2175 658 2250 idque
679 2184 770 2234 antea
785 2175 895 2233 alicubi
918 2184 1188 2234 commemoratum
1206 2191 1285 2231 esse.
1308 2173 1368 2230 Ita-

174 2291 238 2348 que
253 2273 472 2332 Schneiderum
488 2277 624 2334 secunda
639 2275 686 2334 via
701 2277 743 2333 ad
758 2294 862 2334 verum
874 2277 1010 2352 proxime
1025 2276 1192 2335 accessisse
1207 2274 1369 2332 arbitratus
1463 2278 1466 2293 ¹

175 2376 297 2432 suadeo
319 2384 353 2434 ut
374 2377 523 2452 legamus:
548 2363 585 2454 ήν
599 2372 630 2435 δὲ
649 2373 680 2435 τὸ
702 2370 788 2436 πλέον
808 2373 905 2448 αὐτοῖς
925 2380 977 2455 τῆς
996 2381 1125 2455 στρατιᾶς
1146 2369 1259 2435 ἔποικον
1280 2369 1368 2451 <οἱ>2
1403 2436 1412 2452 η
1543 2451 1545 2458 Ι
1583 2409 1607 2420 ..

171 2470 365 2558 Macednum
383 2477 494 2542 hiesba
515 2495 595 2555 quae
617 2479 702 2536 attuli
725 2471 761 2548 ὥς
781 2472 906 2549 ἑκάστοις
927 2471 1068 2556 ἡγεμόνος
1088 2467 1155 2554 εἶχε,
1176 2477 1216 2533 de
1238 2493 1367 2553 quorum

171 2553 267 2634 sermo
280 2578 402 2654 quidem
414 2578 566 2637 dubitatio
579 2596 642 2636 non
656 2587 714 2649 est,
730 2597 902 2638 sermonem
917 2579 941 2637 si
956 2581 1193 2650 consideramus,
1204 2578 1366 2636 maximam

74 2689 77 2694 '
169 2678 320 2736 exhibent
341 2680 548 2739 offensionem.
585 2679 693 2756 Neque
716 2701 735 2740 a
755 2699 806 2738 me
827 2681 988 2758 impetrare
1009 2699 1144 2758 possum,
1167 2690 1260 2740 ntea
1282 2681 1365 2738 salva

168 2787 307 2838 aetatem
330 2781 435 2840 tulisse
455 2781 571 2857 opiner.
615 2779 771 2842 Persuasit
797 2783 869 2841 mihi
893 2784 1060 2842 Buecheler
1089 2781 1245 2857 scripsisse
1269 2779 1366 2838 Anto·

168 2915 275 2972 ninum
296 2909 347 2975 Ω(
368 2911 559 2978 ΕΚΑΕΤΟΙ(
584 2913 631 2977 ΗΓ
631 2913 802 2980 ΕΜΟΝΟ(
824 2861 850 2980 λλ
872 2915 975 2988 ΕΙΧΕ;
998 2919 1034 2978 cl.
1057 2935 1148 2995 supra
1169 2937 1199 2994 p.
1217 2931 1253 2990 23
1273 2935 1320 2974 an.
1336 2932 1365 2990 4.

269 3015 393 3076 Deinde
425 3019 456 3076 in
489 3019 665 3078 narratione
698 3019 773 3079 fines
807 3029 952 3078 terrarum
982 3020 1153 3078 accuratius
1180 3017 1366 3076 definiuntur

168 3113 210 3192 (v.
234 3111 264 3192 ὁ)
287 3112 318 3175 τὸ
339 3113 396 3194 μὲν
416 3113 475 3178 άπὸ
500 3117 649 3200 Τάραντος
669 3115 734 3198 άχρι
755 3117 827 3197 πρὸς
847 3118 900 3200 τήν
921 3117 1053 3198 ἐσχατιὰν
1074 3125 1121 3204 τῆς
1136 3114 1283 3190 Ἰταλιάς8
1303 3111 1364 3197 ἔγέ·

166 3236 230 3274 vaco
243 3214 438 3290 Μεσσαπίων,
459 3217 492 3279 ἐν
511 3205 533 3305 ᾗ
551 3218 632 3293 πόλις
648 3217 788 3307 pirinaei*
811 3217 987 3302 Βρεντέσιον,
1009 3218 1039 3281 τό
1063 3217 1094 3282 δὲ
1117 3217 1196 3299 παρὰ
1215 3216 1268 3297 τήν
1288 3217 1365 3291 ἐντὸς

166 3320 220 3375 τοῦ
244 3313 393 3394 Τάραντος
412 3315 521 3398 ἐγένετο
538 3321 710 3397 Πευκετίων,
729 3319 867 3402 ἐνδοτέρω
889 3319 920 3382 δὲ
942 3319 1041 3382 τούτου
1062 3327 1114 3401 τής
1134 3317 1282 3400 θαλάσσης
1299 3315 1364 3380 ἕπε’·

166 3417 256 3476 πλεον
282 3415 415 3494 Δαύνιοι,
447 3417 479 3480 τὸ
506 3419 537 3483 δὲ
563 3419 682 3500 σύμπαν
709 3417 797 3497 ἔθνος
822 3421 977 3501 ὠνόμασαν
999 3419 1150 3502 Ἰαπύγων.
1193 3423 1229 3480 ln
1254 3423 1363 3499 quibus

168 3519 349 3578 Schneideri
369 3524 421 3599 τῆς
441 3519 591 3602 θαλάσσης
610 3519 769 3584 ἕπιπλέοντι
792 3535 823 3582 et
843 3517 873 3584 τό
895 3521 1020 3603 δὲπαρά
1042 3521 1154 3600 ταύτην,
1177 3527 1279 3584 donec
1301 3544 1363 3584 me·

166 3619 224 3678 lius
246 3620 361 3697 aliquid
382 3631 533 3698 repertum
555 3625 604 3698 sit,
628 3626 659 3683 in
680 3635 797 3684 textum
818 3627 996 3704 recipienda
1017 3645 1085 3684 esse
1108 3627 1234 3686 arbitror
1246 3625 1266 3686 ⁵.

265 3741 295 3798 p.
313 3738 329 3778 2
333 3738 382 3796 31,
397 3737 412 3798 7
427 3720 493 3801 sq.⁰
512 3719 544 3782 ἕν
564 3721 596 3786 δὲ
620 3721 708 3811 τούτῳ
730 3725 779 3786 καί
796 3723 953 3806 Ἀλκμήνη
972 3724 1046 3786 κατὰ
1066 3731 1160 3806 γήρας
1178 3725 1361 3808 ἀποθνήσκει
1379 3736 1433 3790 lab.
1444 3748 1477 3801 33

267 3857 278 3896 1
297 3865 455 3921 Μέσσαπος
473 3865 550 3933 enirn,
573 3883 628 3916 non
647 3863 822 3928 Μεσσάπιος,
846 3876 875 3919 ut
897 3870 981 3920 voluit
999 3870 1152 3936 Schneider,
1179 3872 1231 3922 dux
1249 3871 1295 3922 ille
1317 3889 1361 3921 au·

164 3949 242 4017 divit3
269 3951 300 4002 ci.
320 3952 405 4005 Strab.
423 3955 475 4020 IX,
491 3965 542 4019 405
568 3961 593 4005 et
611 3957 701 4022 Steph.
722 3959 783 4024 Byz.
804 3973 823 4008 s.
836 3975 861 4010 v.
887 3951 1067 4020 Μεσσάπιον;
1089 3954 1251 4012 Μεσσάπιοι
1271 3961 1360 4028 potins

165 4039 271 4088 incolae
289 4045 461 4098 Μεσσαπίας
477 4043 683 4110 appellabantur.

263 4123 415 4180 2Ατῒίσιιλο
433 4131 502 4181 enim
521 4132 565 4182 vix
585 4148 672 4184 carere
690 4134 760 4186 licet.

264 4212 400 4268 8Futtilis
418 4218 573 4271 Schneideri
592 4222 741 4273 coniectura
760 4216 909 4290 Ἰαπογίαςτ
935 4224 968 4274 cs.
983 4240 1010 4290 p.
1029 4235 1087 4290 205,
1105 4237 1137 4292 25
1158 4225 1206 4290 τὴν
1228 4222 1360 4294 ἐσχατιὰν

161 4303 210 4368 τῆς
230 4305 389 4362 Θεσσαλίας.

263 4388 276 4426 4
293 4394 334 4442 Ex
353 4385 452 4462 η’όκηται.
472 4412 487 4446 a
505 4398 650 4448 Munekero
669 4415 733 4452 corr.

260 4477 272 4514 ⁵
290 4480 430 4535 Ἐπιπλεϊν
448 4485 512 4534 alibi
531 4502 590 4536 cum
609 4487 698 4539 dativo
717 4505 771 4540 non
791 4491 963 4555 coniungitur.

261 4565 274 4603 θ
290 4571 344 4620 Pro
357 4571 506 4639 προέλεγεν
524 4572 573 4642 (sic
586 4575 682 4643 codex)
701 4577 762 4642 lege
776 4571 934 4649 προύλεγεν,
954 4582 986 4634 ci.
997 4598 1022 4648 p.
1035 4593 1094 4648 237,
1105 4595 1139 4648 27
1153 4579 1352 4652 apoiniacum

162 4655 242 4706 erasis
261 4659 412 4710 reducenda
430 4668 469 4712 est
485 4663 563 4713 etiam
582 4681 607 4731 p.
621 4667 707 4730 226‚9
726 4667 753 4717 in
767 4661 982 4740 προεσήμαινον,
997 4672 1070 4738 quod
1090 4687 1121 4722 ex
1136 4665 1356 4742 προςεσήμαινον

163 4753 308 4798 correctum
326 4747 355 4799 in
374 4749 466 4801 codice
485 4757 537 4812 est3
558 4752 589 4806 ci.
605 4753 684 4804 etiam
702 4771 728 4822 p.
750 4769 781 4818 19
801 4773 859 4810 ann.
881 4772 892 4809 1
915 4775 1004 4826 supra.
