3292 5342
698 385 902 445 -.U-

298 557 440 633 Denique
465 558 626 614 nonnullas
647 557 771 615 afferam
792 564 958 614 structuras
979 556 1027 612 vel
1050 555 1232 620 locutlones.
1255 573 1331 630 quas
1353 555 1395 613 ad

197 656 257 713 stili
289 663 431 714 naturam
465 665 549 714 recte
576 657 798 714 aestimandam
826 655 939 731 aliquid
962 655 1064 712 valere
1094 656 1207 730 putavi.
1252 655 1394 730 Legimus

195 775 226 833 p.
246 773 316 829 224,
334 773 372 814 22
395 749 574 816 ἱλάοσαοθαι
596 751 648 815 δύο
670 752 734 826 τοὺς
757 751 914 831 ἐριοονίοος
936 750 1036 827 deone:
1060 757 1190 814 correxit
1211 755 1247 815 Ο.
1272 755 1391 814 Schnei-

196 859 254 916 der
274 853 339 928 τοὺς
365 854 418 916 δι’-ο
445 852 626 936 ἒριοανίοος1
648 852 743 928 θεούς.
782 857 902 926 Iniuria,
929 875 1000 914 nam
1022 859 1133 915 eadem
1156 857 1247 915 utitur
1269 857 1393 932 apposi-

195 960 284 1016 tione
305 968 411 1016 auctor
433 959 522 1016 libelli
547 960 588 1016 de
615 959 710 1016 fluviIs
733 975 799 1034 cap.
821 957 935 1026 XXIII,
963 975 987 1029 1,
1010 973 1029 1031 q
1057 952 1109 1015 driu
1129 953 1178 1027 τοὶς
1199 952 1396 1036 εὐγενεστάτας

197 1053 374 1136 παρθένους,
400 1077 531 1136 eumque
555 1060 641 1118 latius
664 1067 770 1136 patere
787 1077 875 1116 usum
894 1077 931 1114 ex
950 1057 1098 1116 Hercheri
1113 1059 1314 1116 annotatione
1337 1059 1355 1117 l.
1367 1077 1393 1118 e.

198 1160 301 1234 didici,
324 1161 375 1238 qui
397 1162 502 1218 laudat
521 1160 643 1235 Ioseph.
666 1160 700 1220 B.
717 1161 738 1220 I.
759 1160 797 1232 ll,
819 1175 865 1229 12,
888 1173 937 1234 17;
961 1159 1106 1218 Heraclit.
1128 1159 1216 1234 alleg.
1239 1159 1330 1218 Hom.
1357 1175 1393 1233 39

196 1281 226 1338 p.
247 1277 321 1338 1273
344 1262 421 1322 Plut.
445 1263 484 1319 de
507 1263 569 1319 vita
591 1270 623 1318 et
644 1263 731 1338 poesi
745 1260 870 1318 Homeri
894 1275 960 1334 145.
993 1260 1099 1318 Dualis
1121 1269 1225 1319 autem
1237 1258 1393 1317 Antonino

195 1363 289 1438 plane
315 1363 435 1440 ignotus
462 1371 519 1435 est,
552 1372 678 1438 usurpat
705 1357 758 1420 δύο
788 1363 834 1418 vel
857 1357 1030 1440 clamoremr,
1055 1361 1093 1422 cl.
1115 1381 1141 1420 e.
1164 1379 1193 1435 g.
1216 1380 1244 1437 p.
1267 1375 1336 1436 207,
1361 1374 1394 1438 75

199 1478 268 1535 230,
287 1477 343 1536 253
368 1478 438 1540 233,
455 1480 503 1538 30.
533 1463 625 1521 Porro
648 1464 839 1522 abonorum
861 1463 1084 1521 consuetudine
1107 1462 1288 1538 scriptorum
1310 1449 1394 1518 rece·

196 1565 276 1622 dunt
298 1565 378 1622 tales
403 1572 586 1622 structurae:

296 1684 327 1742 p.
345 1680 416 1740 231,
436 1682 447 1722 1
472 1663 498 1724 εἰ
518 1662 582 1744 μὴ.
598 1709 604 1724 .
619 1661 840 1738 antumant.

296 1785 327 1842 p.
344 1781 413 1840 235,
429 1781 466 1838 31
494 1762 640 1844 ἠγάπησεν
661 1763 707 1826 ἀεὶ
728 1763 876 1844 παρθένος
894 1757 968 1826 εἶναι
980 1765 1000 1829 3.

297 1886 327 1942 p.
346 1881 413 1936 222,
432 1882 466 1940 13
490 1870 664 1927 τοιαῦτα...
679 1864 920 1946 ἒκερτόμησενείς
940 1864 987 1939 τὰς
1008 1863 1130 1946 νύμφας.

296 1986 326 2043 p.
345 1982 473 2044 227,.2o
493 1965 668 2044 κρατοῦσαι4
692 1965 740 2040 τὰς
760 1962 869 2029 ἑαυτῶν
887 1972 993 2048 χεῖρας.

297 2067 439 2144 Demque
462 2063 548 2138 αὐτὸς
566 2069 752 2143 pronominis
778 2088 836 2128 usu
858 2070 1031 2129 Antoninus
1054 2078 1189 2128 aetatem
1212 2088 1299 2128 suam
1321 2089 1391 2146 pro·

195 2170 257 2236 dit;
280 2170 420 2227 nimirum
441 2171 494 2227 ubi
505 2171 599 2228 Attici
616 2172 808 2250 omittebant,
829 2173 924 2248 ponit,
948 2181 978 2229 et
993 2172 1035 2230 ita
1056 2173 1144 2248 ponit
1164 2172 1393 2230 molestissime·

196 2289 258 2346 que
279 2271 389 2348 repetit
410 2271 440 2327 in
463 2273 575 2329 eadem
589 2273 808 2343 enuntiatione,
829 2283 862 2330 ut
882 2273 977 2330 modo
994 2273 1054 2330 huc
1069 2274 1162 2330 modo
1182 2273 1252 2332 illuc
1272 2273 1392 2343 referat,

195 2372 282 2428 velut
303 2391 332 2448 p.
351 2388 419 2442 221,
434 2387 470 2448 27
494 2366 603 2450 ἐγένετο
625 2369 657 2432 δὲ
678 2369 756 2458 αὐτῷ
777 2369 832 2451 (sc.
845 2367 1008 2456 Κερὰμβῳ)
1032 2368 1190 2451 θρέμματα
1213 2375 1329 2432 πλεῖστα
1344 2373 1394 2432 καὶ

196 2469 271 2533 αὐτὰ
292 2469 461 2550 ἐποίμαινεν
481 2469 573 2546 οὗτός.
606 2470 718 2554 νύμφαι
741 2471 772 2534 δὲ
792 2471 1008 2551 συνελάμβανον
1030 2467 1117 2560 αὐτῷ,
1141 2469 1211 2532 datin
1226 2471 1315 2546 αὐτὰς
1334 2476 1391 2536 κτλ.

298 2576 360 2634 Sed
382 2577 442 2634 iam
463 2576 566 2652 placet
588 2576 694 2634 sistere
717 2577 854 2652 gradum.
885 2575 915 2634 Si
937 2576 1042 2652 paucis
1053 2576 1200 2634 Antonini
1219 2577 1393 2634 adumbrari

196 2679 243 2735 vis
268 2677 483 2754 elocutionem,
506 2678 537 2735 in
559 2679 731 2736 universum
751 2697 858 2754 puram
880 2688 911 2750 et
932 2678 1105 2753 expeditam
1129 2695 1198 2734 esse
1221 2677 1307 2735 dicas
1331 2697 1393 2735 non

196 2787 354 2855 expertem
373 2779 502 2837 labentiS
516 2778 697 2838 Graecitatis
714 2779 841 2852 iudiciis,
865 2779 988 2855 poetico
1011 2779 1144 2854 quodam
1166 2777 1269 2836 colore
1292 2795 1392 2854 eoque

196 2897 260 2936 non
283 2879 371 2936 nimis
395 2887 581 2954 exaggerato
603 2879 781 2954 plerumque
803 2879 938 2936 tinctam.
984 2877 1054 2950 Quo
1076 2879 1116 2948 lit,
1139 2887 1172 2936 ut
1194 2879 1315 2956 saepius
1337 2898 1393 2937 nu·

196 2979 286 3038 meris
308 2979 433 3054 astringi
456 2997 548 3055 posse
569 2979 710 3037 videatur
729 2981 839 3040 'oratio
884 2979 1004 3037 Tamen
1028 2964 1181 3055 nusquam
1207 2981 1248 3038 ad
1271 2979 1392 3039 calami·

197 3089 277 3138 stros
300 3087 332 3137 et
354 3079 498 3155 ampullas
524 3079 679 3137 rhetorum
706 3079 753 3137 vel
780 3097 884 3136 eorum
913 3080 963 3154 qui
990 3080 1153 3138 amatorias
1176 3081 1324 3156 scripsere
1346 3082 1392 3139 l·

197 3179 285 3237 bulas
307 3182 415 3240 tendit.
459 3181 568 3256 Neque
590 3199 661 3238 vero
685 3181 821 3256 contigit,
852 3190 885 3238 ut
906 3182 997 3239 ullum
1019 3182 1181 3257 reperirem
1204 3183 1391 3260 scriptorem,

198 3298 331 3358 quocum
354 3282 384 3338 in
408 3281 583 3341 elocutione
605 3281 776 3340 Antoninus
807 3283 917 3340 artiore
941 3283 1061 3341 vinctus
1089 3282 1127 3341 sit
1153 3283 1391 3360 necessitudine,

198 3391 291 3456 atque
318 3383 451 3441 absurda
479 3381 533 3440 fuit
561 3401 666 3440 eorum
694 3383 853 3453 sententia,
888 3384 937 3459 qui
965 3385 1005 3441 rle
1035 3383 1131 3442 fluviis
1160 3383 1291 3442 libellum
1320 3384 1392 3442 olim

198 3481 356 3541 Antonino
380 3483 572 3558 assignarunt
593 3479 642 3559 (cf.
662 3483 810 3542 Hercheri
832 3485 882 3542 ed.
905 3502 934 3560 p.
951 3481 1014 3561 32).

300 3679 311 3717 1
339 3684 425 3732 Etiam
455 3677 585 3750 ἐριούνιος
609 3685 716 3748 dignum
746 3692 787 3735 est
812 3685 884 3750 quod
912 3685 1137 3736 animadvertatur.
1175 3685 1304 3748 Quantum
1328 3686 1391 3746 scio,

198 3772 268 3837 apud
287 3779 386 3822 ceteros
406 3787 497 3821 ornnes
517 3772 658 3838 scriptores
677 3789 732 3822 non
750 3773 881 3822 invenitur
899 3772 1013 3838 epitheti
1036 3772 1095 3822 loco
1115 3772 1260 3824 adhibitum
1284 3773 1335 3823 nisi
1358 3774 1391 3822 de

197 3861 333 3910 Mercurio
353 3861 413 3911 deo.
433 3860 506 3926 Sapit
524 3861 695 3912 Nicandrum.

296 3945 364 4001 2Cf.
383 3949 498 4000 Kiihner
515 3950 532 4002 l.
553 3967 574 4004 c.
593 3951 608 4017 ᾗ
628 3951 680 4014 398
701 3965 759 4000 ann.
780 3963 803 4001 2.

297 4033 395 4090 ³1bid.
413 4035 428 4106 ξ
447 4039 508 4102 484,
529 4051 571 4106 21,
591 4052 615 4102 3.

296 4122 445 4193 4Κραιεῖν
463 4127 533 4192 apud
555 4128 715 4178 recentiores
734 4128 864 4178 notionem
884 4128 962 4178 habet
980 4127 1200 4194 apprehendendi.
1239 4128 1281 4176 De
1301 4127 1393 4179 καλεῖν

196 4211 247 4264 ἐπί
263 4229 333 4270 τινος
351 4213 384 4265 cs.
400 4229 425 4278 p.
440 4215 456 4262 6
476 4215 537 4266 diss.
