3292 5342
791 373 998 454 ...36..

300 563 447 644 aequales
473 570 642 623 occurrunt.
685 562 758 620 iliae
784 578 855 620 vero
885 561 962 620 tales
989 569 1070 627 sunt,
1103 569 1138 620 ut
1159 560 1347 620 Antoninum
1373 563 1399 620 si
1421 572 1496 621 ante

300 669 468 728 secundum
488 684 519 742 p.
532 664 602 726 Chr.
617 665 772 722 saeculum
794 663 905 720 vixisse
926 663 1129 732 infitiabimur,
1152 681 1170 720 a
1192 679 1265 720 vero
1288 663 1336 720 vix
1358 663 1496 724 declina·

298 771 357 828 turi
381 770 484 830 simus.
528 768 592 825 Sed
614 767 653 824 de
674 766 779 841 paucis
802 783 883 840 quae
906 763 964 822 huc
996 764 1111 822 faciunt
1138 765 1237 822 verbis
1267 765 1383 822 iudices
1410 766 1494 841 ipse:

402 870 431 946 1)
450 856 630 938 ἀνάθεσις
650 862 707 942 (sc.
728 862 785 924 τοῦ
802 861 949 943 χρόνον)
971 883 1000 941 p.
1014 881 1083 939 231,
1098 881 1136 922 22
1154 859 1293 927 ‘dilatio'.
1315 866 1386 924 Hoc
1400 885 1494 924 sensu

299 973 481 1030 rarissimum
493 966 514 1044 ¹,
538 967 707 1030 Herodian.
723 967 792 1042 VII,
806 983 836 1039 4,
854 965 891 1036 6;
914 966 951 1025 cf.
967 965 1040 1024 Poll.
1059 965 1114 1036 IX,
1132 981 1198 1040 137.
1227 966 1299 1024 Sine
1321 967 1399 1024 iusta
1420 985 1495 1024 vero

299 1091 394 1132 causa
416 1071 569 1131 Nauchius
592 1071 676 1145 apud
701 1069 888 1126 Antoninum
909 1085 965 1143 pro
983 1061 1090 1144 χρόνον
1112 1067 1231 1142 scripsit
1252 1056 1358 1146 γάμου,

399 1167 431 1250 2)
453 1165 708 1244 εἰςαποστέλλω
729 1188 759 1246 p.
775 1168 844 1246 236,
858 1184 905 1228 21.
960 1169 1084 1243 Argum.
1097 1169 1169 1228 Eur.
1181 1167 1233 1227 Or.
1254 1170 1352 1238 initio;
1374 1170 1495 1246 paucis·

299 1275 375 1334 sima
396 1275 455 1330 isto
477 1274 571 1330 modo
594 1271 766 1346 composita
788 1279 859 1328 sunt
880 1269 981 1343 verba,
1004 1289 1076 1328 nam
1099 1270 1182 1346 apud
1204 1271 1303 1328 bonos
1329 1271 1493 1346 scriptores

298 1393 361 1433 non
382 1375 577 1432 inveniuntur
588 1373 644 1430 nisi
659 1367 806 1450 εἶςαφίημι
827 1380 859 1428 et
878 1364 1107 1448 εἰςαᾳικνοῦμαι,
1131 1371 1239 1447 quibus
1262 1372 1412 1429 accedunt
1424 1389 1494 1428 ver-

297 1478 369 1535 bum
391 1476 430 1534 ab
443 1475 606 1551 Apollonio
622 1474 746 1532 Rhodio
770 1481 803 1530 ut
825 1471 945 1529 videtur
968 1471 1129 1528 formatum
1150 1467 1342 1549 εἰςαποβαίνω
1366 1471 1494 1547 (Argon.

296 1577 348 1650 1v,
374 1575 436 1651 650
457 1583 489 1634 et
514 1571 606 1652 1781)
629 1583 661 1632 et
681 1568 872 1646 εἰςαποκλιίω,
895 1574 980 1648 quod
1002 1573 1085 1646 apud
1109 1572 1254 1630 Severum
1275 1573 1427 1632 rhetorem
1448 1574 1495 1646 (in

297 1679 348 1738 ed.
371 1677 461 1737 Galei
482 1695 511 1754 p.
533 1673 606 1752 229)
629 1676 722 1733 semei
741 1674 867 1732 inveniri
890 1673 1067 1732 Dindorfius
1090 1674 1174 1736 dicit.

395 1779 427 1854 3)
455 1773 629 1856 ἱερουργῶ
649 1795 679 1852 p.
700 1791 770 1850 219,
792 1791 839 1834 21.
876 1775 990 1833 Pn'mus
1013 1777 1099 1851 quod
1121 1775 1213 1833 sciam
1235 1775 1322 1834 Philo
1342 1776 1496 1846 Iudaeus;

297 1889 368 1957 post
390 1899 461 1940 eum
485 1897 592 1938 omnes
613 1878 676 1936 fere
698 1878 859 1953 scriptores
882 1877 1076 1937 recentiores.

395 1976 429 2061 4)
451 1980 662 2056 κλοπιμαῖος
681 1998 711 2056 p.
726 1993 794 2053 223,
816 1993 861 2052 19.
881 1992 929 2053 27.
959 1977 1016 2034 Pro
1037 1977 1174 2050 κλοπαῐος
1195 1980 1280 2054 quod
1297 1980 1413 2055 priores
1435 1980 1496 2037 ad-

296 2084 467 2152 hibuerunt,
490 2083 642 2141 Lucienus
660 2081 787 2141 Icarom.
812 2097 877 2155 cap.
902 2094 954 2148 203
979 2078 1220 2154 P011.vl11,33;
1244 2081 1346 2156 script.
1369 2081 1491 2156 eccles,

296 2185 380 2261 apud
402 2201 478 2260 quos
501 2184 592 2242 etiam
605 2177 783 2258 κλοπιμαίως
803 2181 980 2240 adverbium
1003 2181 1142 2254 occurrit,
1165 2199 1193 2242 e.
1205 2199 1233 2257 g.
1257 2181 1370 2243 Euseb.
1383 2182 1491 2259 Praep.

295 2303 340 2346 ev.
363 2285 401 2347 II.
428 2285 542 2360 1416B
567 2285 647 2345 alibi.

395 2383 426 2464 5)
447 2387 584 2464 κριμνῶ
605 2405 635 2462 p.
650 2399 720 2460 215,
733 2383 761 2444 6.
798 2384 848 2442 Sic
866 2383 957 2451 enim,
973 2399 1035 2439 non
1050 2383 1167 2459 κρημνῶ
1188 2391 1241 2442 aut
1260 2377 1403 2468 κρήμνημι
1425 2384 1491 2442 ubi-

295 2504 354 2562 que
375 2486 570 2545 scribendum
592 2502 660 2543 esse
683 2483 903 2541 demonstravit
925 2482 1027 2540 Naber
1049 2483 1161 2543 Mnem.
1178 2500 1247 2543 nov.
1261 2486 1318 2546 vol.
1330 2484 1374 2542 IX
1390 2503 1419 2561 p.
1433 2501 1492 2562 7ο;

294 2587 331 2648 ci.
355 2586 484 2646 Nauckii
506 2589 549 2646 ad
569 2586 672 2645 lambi.
696 2605 723 2645 v.
747 2584 832 2659 Pyth.
855 2603 884 2660 p.
910 2583 975 2643 166.
1008 2582 1115 2660 quue
1137 2587 1236 2643 tendit
1260 2586 1349 2644 lectio
1371 2587 1492 2645 codicis

294 2686 433 2760 Palatini,
460 2689 491 2745 in
521 2704 581 2763 quo
608 2708 626 2765 η
656 2686 816 2744 correctori
847 2686 984 2746 debetur.
1030 2685 1101 2746 Luc.
1122 2685 1207 2744 Asin.
1228 2704 1295 2762 cap.
1319 2703 1366 2761 24,
1390 2687 1425 2748 L.
1450 2688 1491 2749 D.

294 2787 348 2865 VI,
364 2805 405 2862 50
427 2807 482 2866 pro
505 2783 652 2866 κρίμνημι,
674 2788 759 2863 quod
781 2795 812 2843 et
834 2787 933 2862 ipsum
954 2787 1109 2862 poeticum
1131 2784 1221 2848 fuit2.

393 2889 426 2964 6)
449 2883 543 2966 eripui
564 2907 593 2966 p.
611 2902 681 2965 237,
702 2905 712 2946 1
737 2910 777 2938 =
796 2883 1031 2964 ἁποσπερμαίνω.
1067 2888 1136 2963 Ipse
1158 2907 1221 2946 non
1242 2889 1420 2964 investigavi
1442 2891 1491 2950 ita

294 2999 472 3068 usurpatum
500 2990 558 3048 nisi
587 2989 688 3050 Schol.
718 2986 747 3046 Σ
766 2987 841 3062 486;
874 2988 911 3048 ci.
942 2989 1075 3047 Meinek.
1104 2990 1252 3048 Analecta
1280 2991 1492 3052 Alexandrina

294 3111 324 3169 p.
345 3107 399 3165 133
430 3101 461 3151 et
482 3091 784 3150 Westermannianae
806 3090 948 3148 editionis
975 3089 1265 3167 mythographorum
1292 3109 1321 3167 p.
1347 3107 1414 3168 275,
1441 3109 1491 3164 11,

293 3209 356 3270 quo
378 3193 447 3252 loco
475 3194 599 3270 quidam
626 3193 673 3252 cui
698 3193 822 3267 ignotus
851 3192 900 3250 ille
924 3192 1008 3250 verbi
1035 3200 1102 3250 erat
1131 3208 1213 3261 usus,
1243 3185 1334 3268 ὥςπερ
1357 3193 1492 3263 addidit,

294 3296 379 3370 quod
401 3313 493 3370 quam
515 3294 660 3353 citissime
683 3294 772 3351 velim
795 3294 909 3352 deleas.

393 3394 425 3472 7)
447 3391 630 3473 παροδεύω
651 3415 681 3474 p.
706 3411 775 3470 223,
797 3411 850 3468 31;
885 3395 923 3453 ef.
947 3413 976 3470 p.
1001 3409 1038 3451 22
1062 3411 1164 3470 supra.
1233 3394 1383 3472 Iosephus
1407 3395 1439 3456 B.
1463 3395 1490 3458 Ι.

292 3494 331 3573 V,
349 3510 442 3567 10‚2;
464 3497 618 3555 Lucianus
640 3505 673 3554 et
684 3495 865 3554 Plutarchus
887 3495 1019 3570 saepius,
1042 3494 1092 3554 alii
1114 3494 1166 3571 qui
1185 3505 1296 3572 postea
1311 3496 1490 3558 floruerunt.

391 3593 421 3675 8)
444 3601 752 3676 προςυπιχνοῦμαι
773 3612 888 3674 p.237,
908 3595 954 3656 16.
1014 3595 1092 3655 Plut.
1105 3615 1130 3656 v.
1144 3595 1279 3658 Demetr.
1295 3616 1319 3658 c,
1340 3613 1390 3667 103
1412 3597 1489 3655 Cas-

291 3698 353 3756 sius
376 3697 436 3756 Dio
457 3717 521 3756 non
543 3717 611 3758 raro
634 3717 661 3758 e.
684 3717 713 3774 g.
737 3717 765 3774 p.
787 3713 853 3772 174,
871 3713 888 3770 5
896 3713 904 3770 5
931 3697 1053 3758 Aristid.
1077 3697 1135 3755 vol.
1157 3697 1171 3754 I
1192 3717 1222 3773 p.
1242 3714 1300 3774 371
1327 3699 1375 3758 ed.
1399 3697 1489 3768 Did.;

292 3796 386 3858 Clem.
408 3799 495 3860 Alex.
516 3798 539 3873 I,
564 3799 678 3874 360A;
701 3799 738 3868 ΙΙ,
761 3797 819 3872 (133
834 3798 873 3868 C;
897 3799 998 3874 script.
1021 3799 1099 3858 Nov.
1123 3797 1211 3858 Test.

390 3896 423 3975 9)
445 3895 646 3981 qvvdv'arroc
666 3919 695 3974 p.
711 3898 779 3968 228,
793 3913 830 3974 27
846 3922 885 3948 =
899 3895 1100 3978 συνδιαιτητής.
1169 3899 1268 3960 Schol.
1284 3895 1313 3957 α’
1328 3915 1343 3957 2
1348 3897 1402 3974 38;
1426 3900 1487 3958 Ta-

290 4000 391 4060 tianus
406 3993 469 4078 (ed.
481 3993 612 4078 Morell.)
628 4019 657 4076 p.
678 4016 733 4074 152
749 3999 792 4068 D;
816 3999 935 4059 Theon.
950 3999 1062 4077 Smym.
1078 3999 1142 4077 (ed.
1156 3994 1329 4080 Bouillaid.)
1344 4019 1373 4077 p.
1395 4017 1432 4076 19
1445 4002 1486 4070 Α;

290 4101 498 4163 recentissimi.

389 4365 584 4435 ¹Phrynichus
605 4385 652 4419 eos
674 4370 718 4435 qui
736 4363 918 4422 ἀνατίθεσθαι
941 4371 992 4422 hoc
1020 4386 1097 4422 sensu
1120 4379 1254 4440 usurpant,
1280 4373 1422 4440 vituperat;
1450 4373 1484 4426 ci.

289 4456 413 4509 Rutherf.
433 4456 480 4508 1.1.
500 4474 525 4523 p.
535 4469 595 4520 292.

389 4541 402 4579 2
419 4545 459 4598 Cf.
478 4547 596 4596 Veitehii
615 4547 633 4598 l.
649 4547 667 4598 1.
684 4543 808 4616 ‘upnpvui
825 4549 849 4597 is
868 4565 928 4615 very
943 4549 1065 4614 partially
1078 4549 1155 4609 used,
1174 4550 1225 4598 and
1243 4548 1486 4618 12111...κρημνᾶν

289 4634 361 4686 Xen.
381 4633 479 4699 Ephes.
497 4637 534 4694 11.
555 4648 585 4698 13
605 4634 711 4704 (κρεμν-
730 4634 860 4704 Passowi:
889 4637 951 4688 rnid.
980 4636 1138 4706 κρημνᾶται,
1165 4655 1242 4688 κατα·
1260 4637 1342 4686 Diosc
1375 4639 1423 4702 IV,
1434 4639 1486 4700 46:

288 4723 335 4772 but
353 4724 453 4788 imperi.
473 4722 656 4794 ἔκρημνῶνιο,
675 4743 738 4776 κατ·
757 4715 877 4792 asearly
896 4743 923 4776 as
943 4729 1022 4778 Hom.
1043 4728 1140 4792 Hymn.
1160 4728 1220 4786 VII,
1232 4720 1289 4789 39‘.
