3292 5342
662 359 869 420 -.9-

167 531 394 600 intellexerunt,
416 539 448 588 et
470 529 619 590 informa
641 539 673 590 et
696 531 727 590 io
750 533 827 590 sede
847 531 930 592 vocis
955 540 1138 593 erraverunt.
1174 532 1364 608 Hyperborei

169 634 312 691 omnibus
334 633 478 708 gentibus
498 641 705 709 opponuntur,
726 651 800 709 ergo
822 634 966 709 scriptum
988 634 1082 692 fuisse
1105 635 1199 692 credo
1220 629 1252 692 ἐν
1263 627 1365 711 Ὑπνρ-
1402 691 1406 701 ,
1439 707 1444 720 .
1471 651 1477 670 ‘

169 728 281 810 βορέοις
300 725 438 812 (μόνοις)
458 719 609 812 ἀγομένην.
638 733 746 810 Populi
767 753 880 794 nomen
903 735 1039 794 similiter
1053 734 1196 793 desinens
1217 735 1365 794 iacturam
1394 717 1397 726 ’

168 834 242 892 satis
265 835 422 910 explicat.

267 953 297 1012 p.
316 951 417 1010 220‚3
441 931 514 996 κάπὸ
534 930 644 1008 τούτοις
665 931 681 994 ὸ
702 935 820 1008 Κὸοῖνις
839 931 971 997 ἐπείθετο
991 937 1115 1012 aditor:
1145 937 1177 994 in
1198 935 1244 994 lris
1266 937 1364 1012 gravis
1423 921 1458 942 ”

168 1037 372 1098 soloecismus
387 1039 469 1100 latet.
485 1035 656 1100 Πεὸθοοθαι
670 1036 720 1099 ἐπί
733 1061 785 1099 τινι
796 1029 898 1099 ‘alicui
914 1031 1142 1114 obtemperare'
1161 1037 1285 1096 omnino
1300 1055 1364 1095 non

170 1137 325 1198 Graecum
358 1149 415 1200 est.
459 1140 615 1200 Dicebant
642 1141 754 1202 Graeci
783 1142 872 1216 vulgo
900 1133 1060 1200 πείθεσθαί
1085 1159 1138 1198 τινι
1169 1134 1214 1215 (iu
1239 1157 1365 1216 praece·

170 1241 264 1298 dente
280 1259 385 1299 uersu
406 1236 568 1302 nsi-‘leodac'
588 1244 628 1327 τῷ
645 1231 822 1319 Ἀπόλλωνι)
850 1242 896 1301 vel
923 1240 1016 1301 rarius
1040 1235 1201 1300 πείθεσθαί
1220 1259 1292 1311 τινος
1312 1236 1363 1315 (cl.

170 1341 318 1401 Kuehner
340 1343 462 1403 Griech.
476 1343 610 1404 Gramm.
620 1344 662 1402 Π2
683 1345 699 1416 5
715 1359 787 1420 417,
801 1358 818 1416 5
834 1361 903 1403 arm.
919 1339 962 1418 6),
983 1342 1099 1402 deiude
1120 1360 1139 1400 a
1159 1340 1238 1400 Novi
1253 1341 1366 1400 Testa-

168 1445 266 1504 menti
285 1444 479 1520 scriptoribus
495 1440 654 1504 πείθεσθαι
673 1441 723 1504 ἐπί
742 1466 804 1504 τινα
827 1444 988 1504 adhibetur
1009 1445 1061 1516 ita,
1081 1450 1115 1502 ut
1139 1429 1265 1506 ‘fretum
1285 1431 1371 1500 esse’

172 1534 329 1603 ‘credere'
357 1545 515 1620 significet,
536 1564 639 1623 neque
663 1564 793 1622 usquam
824 1547 944 1604 dativus
968 1563 1037 1606 cum
1064 1544 1291 1621 praepositione
1313 1560 1367 1604 co·
1428 1555 1447 1650 (r
1574 1603 1580 1616 „

169 1648 304 1723 puletur;
327 1646 365 1706 cf.
388 1665 415 1708 e.
437 1666 466 1722 g.
489 1665 533 1708 ev.
557 1647 670 1706 Matth.
696 1661 743 1723 27,
766 1663 805 1721 43
830 1642 972 1708 πέποιθεν
997 1642 1046 1706 ἐπὸ
1068 1641 1117 1706 τὸν
1135 1641 1218 1708 θεὸν.
1260 1646 1366 1704 Lenis·
1453 1597 1509 1687 tf.
1548 1664 1562 1711 ,’
1629 1647 1630 1658 ’

171 1749 248 1806 sima
263 1747 386 1806 medela
398 1749 497 1819 a'dest,
511 1767 584 1807 nam
598 1767 659 1808 una
675 1749 808 1808 litterula
829 1749 969 1808 restituta
990 1749 1156 1824 legendum
1177 1756 1226 1806 est
1246 1741 1365 1818 uduei¹;
1437 1731 1484 1789 ’ν’
1509 1739 1574 1800 ἐντ’
1629 1775 1630 1786 .

170 1851 200 1906 in
215 1850 350 1925 epodosi
366 1857 469 1908 autem
481 1849 667 1910 Buechelero
687 1858 813 1910 auctore
824 1844 976 1929 Ἅρπαοός
995 1869 1024 1908 τε
1044 1847 1093 1908 καὶ
1104 1843 1216 1920 Λύκιος
1237 1848 1364 1922 corrige.
1433 1855 1441 1885 τ’
1486 1873 1507 1934 ἑ,
1544 1897 1557 1922 ,1
1586 1883 1590 1894 »
1620 1853 1630 1905 ,’

271 1968 301 2026 p.
318 1966 389 2020 220,
408 1966 443 2025 15
477 1969 557 2028 quae
580 1951 830 2010 Westermannus
861 1951 948 2010 uncis
975 1950 1093 2010 inclusit
1118 1950 1211 2009 verba
1239 1947 1366 2025 (iudea
1471 1953 1473 1962 ’

170 2033 255 2121 οὗτός
273 2047 331 2110 ἐστι
359 2047 486 2130 δεύτερος
505 2071 603 2129 usque
626 2055 668 2110 ad
688 2048 819 2112 ἐλάσσων
842 2047 965 2128 ἐκείνου)
988 2051 1059 2110 illuc
1080 2051 1264 2126 expellenda
1281 2056 1366 2119 sunt,

170 2154 255 2212 unde
277 2160 394 2228 negant
415 2155 516 2212 redire
537 2172 732 2230 quemquam.
765 2153 897 2212 Primum
919 2153 1045 2229 quidem
1067 2152 1259 2221 offendimus,
1282 2153 1366 2226 quod

170 2251 221 2310 καὶ
252 2261 324 2312 ante
346 2249 464 2329 ἐρεμνὸς
492 2256 605 2314 omissa
636 2247 725 2325 est²;
757 2256 872 2314 deinde
898 2255 980 2332 vide,
1007 2273 1047 2313 ne
1073 2255 1153 2314 inter
1174 2271 1208 2310 se
1229 2260 1367 2328 pugnent
1404 2333 1407 2340 Ι
1445 2305 1448 2312 .

171 2336 257 2426 οὗτὸς
275 2350 334 2414 ἐστι
355 2349 484 2432 δεύτερος
507 2351 635 2432 ὀρνίθων
654 2352 729 2432 μετὰ
749 2353 798 2414 τὸν
820 2351 917 2416 αἰετόν
938 2365 970 2414 et
993 2351 1009 2414 ὸ
1029 2353 1055 2414 δ’
1078 2350 1212 2426 αἰττὸςθ.
1231 2398 1238 2414 .
1258 2401 1265 2414 .
1282 2349 1368 2414 ἐλάσ·
1414 2427 1424 2449 Ἰ

172 2473 231 2514 οων
252 2450 370 2516 ἐκείνου.
412 2455 500 2532 Vide,
521 2475 562 2516 ne
583 2459 773 2516 subabsurde
795 2457 911 2516 dictum
933 2457 972 2516 sit
992 2452 1088 2516 αἰετὸν
1106 2443 1284 2532 μελάντερον
1298 2471 1367 2512 esse
1419 2481 1423 2505 ν
1453 2447 1484 2536 f'u

172 2575 265 2633 quam
287 2549 448 2633 ὸψιαίοτον,
470 2551 622 2632 ὸψιαὸετον
643 2577 715 2617 vero
738 2558 832 2616 luisse
853 2553 984 2635 ἐρεμνόν.
1016 2557 1098 2615 Num
1119 2556 1180 2616 hoc
1200 2556 1300 2616 miuus
1322 2555 1368 2612 in-
1435 2573 1449 2632 ,ς
1520 2595 1537 2633 ,.,
1621 2619 1622 2627 ς

173 2665 279 2732 eptum
300 2665 359 2732 est,
382 2674 474 2734 quam
496 2659 521 2716 si
544 2659 609 2734 quis
632 2648 803 2736 μελάντερος
825 2652 846 2736 ἢ
865 2653 958 2736 μέλας
978 2676 1047 2717 esse
1068 2653 1225 2718 narretur?
1268 2657 1366 2714 Acce·

173 2761 228 2830 dit,
252 2761 339 2835 quod
361 2754 480 2836 ἐρεμνὸς
499 2778 555 2835 per
577 2778 611 2818 se
636 2762 709 2820 satis
731 2762 864 2820 insolens
887 2771 934 2820 est
946 2758 969 2820 4.
1008 2755 1021 2806 Τ
1041 2761 1156 2839 [ηιμ
1178 2799 1182 2806 -

274 2859 386 2918 Adhuc
401 2861 473 2920 satis
488 2861 574 2920 firmo
589 2863 671 2938 pede
690 2863 852 2922 incessisse
867 2863 1021 2930 videmur;
1045 2853 1273 2921 consideremus
1288 2879 1369 2922 nunc

173 2979 219 3031 ca,
241 2979 320 3037 quae
336 2969 370 3018 ut
385 2961 417 3019 in
432 2963 572 3021 ordinem
588 2964 741 3039 quendam
757 2981 909 3043 cogerem,
933 2965 1034 3022 oleum
1050 2971 1080 3022 et
1098 2982 1223 3039 operam
1236 2963 1367 3039 perdidi.

174 3062 334 3120 Peritiores
352 3063 487 3142 videant,
509 3064 582 3122 mihi
605 3065 729 3140 quidem
751 3065 961 3122 foedissimam
984 3063 1194 3124 confusionem
1214 3081 1369 3140 exponere

174 3164 273 3225 liceat.
316 3165 419 3239 Atque
450 3173 482 3222 ut
508 3166 548 3222 ab
567 3165 674 3242 Harpa
696 3167 872 3226 calamitosa
899 3167 1097 3224 scelestomm
1123 3165 1250 3224 filiorum
1271 3174 1368 3222 matre

174 3265 326 3341 incipiam,
349 3265 533 3342 ubicumque
554 3267 672 3326 intuta
693 3267 850 3326 historiola
872 3267 1011 3337 occurrit,
1043 3285 1113 3325 eam
1133 3274 1282 3324 remotam
1303 3285 1368 3324 ma-

176 3365 284 3435 lumus,
307 3366 358 3424 ubi
379 3384 442 3426 non
464 3369 603 3438 occurrit,
629 3386 720 3443 aegre
745 3369 967 3428 desideramus
994 3367 1074 3426 Nam
1089 3367 1140 3426 ubi
1154 3367 1283 3444 primum
1298 3384 1366 3442 pro·

176 3469 219 3524 dit
240 3487 269 3543 p.
286 3482 355 3542 219,
374 3484 423 3542 32,
455 3470 531 3527 sede
554 3477 616 3527 tam
643 3477 843 3546 praepostera
866 3469 1027 3538 invenitur,
1057 3475 1091 3526 ut
1115 3477 1217 3526 utrum
1239 3469 1278 3526 ab
1300 3468 1368 3543 ipso

177 3569 322 3644 scriptore
345 3587 386 3628 an
408 3569 446 3628 ab
464 3570 681 3645 interpolatore
702 3589 816 3628 nomen
838 3577 947 3645 postea
962 3569 1101 3628 additum
1117 3569 1163 3637 sit,
1180 3568 1367 3645 ignoremus:

274 3715 285 3753 ¹
304 3711 395 3771 Κᾶπεὸ
413 3735 471 3770 curu
492 3720 559 3770 crasi
575 3719 670 3783 legitur
688 3719 761 3770 ctiam
780 3737 805 3786 p.
823 3733 882 3787 212,
895 3731 943 3782 31;
965 3719 1028 3770 item
1051 3714 1103 3772 κάκ
1121 3719 1272 3770 Antoninus
1291 3717 1369 3784 scrip·

175 3808 278 3868 titubat,
299 3807 341 3856 cui
360 3809 438 3858 erasis
456 3825 482 3875 p.
494 3819 583 3876 210,7
604 3809 740 3859 reddenda
758 3815 809 3860 est:
828 3808 928 3859 lineola
950 3809 989 3858 ibi
1007 3809 1115 3872 margini
1135 3807 1238 3873 appicta
1256 3807 1368 3856 sortasse

177 3897 209 3944 ad
228 3895 328 3946 nullam
349 3896 427 3947 aliam
445 3897 557 3963 pertinet
575 3897 790 3948 immutationem.

275 3981 369 4034 2Νοο
388 3984 508 4050 offendit,
527 3986 599 4050 quod
617 3988 662 4036 καὶ
680 3993 742 4052 post
760 3981 874 4054 ἐρεμνὸς
892 3985 978 4044 deest;
998 3985 1031 4036 cf.
1045 4001 1070 4050 p.
1083 3995 1117 4047 39
1136 3984 1211 4034 inira.

275 4069 288 4108 θ
305 4074 389 4139 Quam
405 4073 515 4124 formam
529 4075 623 4127 rectius
636 4089 740 4142 semper
752 4075 945 4144 revocabimus3
964 4075 998 4126 cs.
1011 4090 1037 4140 p.
1047 4084 1107 4139 207,
1119 4073 1134 4122 8
1154 4065 1252 4138 ὄρνιθα
1271 4063 1369 4131 αἰετόν,

176 4169 202 4212 et
221 4161 332 4214 alterum
351 4162 413 4214 diss.
432 4169 516 4229 caput.

274 4246 287 4284 4
305 4250 367 4300 Vox
387 4265 402 4299 a
420 4251 507 4316 poetis
520 4250 585 4301 solis
598 4251 715 4301 adhibita
733 4252 767 4302 ad
786 4267 830 4302 eas
848 4251 973 4302 notiones
987 4249 1113 4300 accedere
1131 4247 1209 4308 solet,
1226 4247 1254 4298 in
1273 4249 1369 4314 quibus

177 4339 253 4389 simul
276 4340 379 4405 aliquid
399 4339 527 4390 horribile
550 4341 626 4398 inest,
649 4339 720 4390 velut
743 4332 821 4411 αἷμα,
847 4341 926 4408 αἰγίς,
953 4340 1067 4406 iuiiurp3
1096 4343 1150 4386 tum
1170 4337 1305 4403 epitheton
1330 4343 1370 4388 est

177 4429 314 4480 verborum
337 4421 392 4490 νύξ,
415 4433 491 4495 μαῖα,
515 4425 638 4495 ἕσπερος.
674 4428 837 4494 Apollonius
859 4444 921 4478 vero
941 4427 1068 4478 Rhodius
1091 4426 1127 4486 Π,
1141 4437 1175 4489 32
1194 4421 1368 4494 ἐρεμνὴν...

177 4510 272 4582 λώπην
290 4517 365 4568 dixit.
389 4517 528 4584 Discrepat
547 4533 562 4567 a
581 4516 735 4580 glossatoris
754 4517 934 4582 descriptione
944 4515 1104 4567 Aristoteles
1122 4514 1151 4581 (l.
1164 4529 1185 4566 c.
1203 4515 1246 4563 IX
1265 4528 1322 4578 cap.
1336 4525 1368 4575 32

177 4604 253 4655 initio
271 4621 296 4671 p.
310 4606 386 4656 618b
397 4618 430 4670 32
449 4606 531 4672 seu),
554 4606 628 4656 cuius
646 4606 726 4656 verba
745 4622 820 4670 quam
839 4607 933 4654 misere
950 4603 1046 4654 tradita
1065 4603 1117 4652 sint
1136 4603 1177 4652 vel
1195 4602 1257 4654 iude
1277 4602 1370 4668 elucet,

178 4695 250 4758 quod
268 4695 398 4746 contraria
416 4695 514 4760 profert
533 4711 558 4762 p.
574 4695 654 4756 619a.
691 4731 695 4740 .
