3292 5342
248 609 342 668 modo
358 607 531 684 principalis
553 608 594 665 de
616 624 678 683 qno
701 606 799 681 agitur
814 604 918 674 homo,
940 605 997 663 sed
1019 613 1085 663 tota
1102 604 1211 664 familia
1233 607 1264 664 in
1286 625 1360 666 aves
1375 625 1447 666 mu-

248 719 313 770 tata
335 703 474 770 diciturl.

346 811 410 870 Iam
443 808 531 867 nobis
562 825 609 866 res
640 817 687 866 est
720 826 788 866 cum
816 808 924 866 ceteris
958 807 1067 867 fabulis
1094 796 1258 878 ἀδεσπότοις
1285 825 1335 883 34,
1364 804 1443 882 36⁸,

249 927 305 988 37,
337 925 394 989 40,
430 923 486 983 41,
532 926 608 985 quas
639 908 772 968 omnium
810 909 1033 984 propemodum
1070 917 1220 966 extremas
1257 927 1318 967 non
1355 911 1443 984 quod

248 1013 348 1072 fontes
380 1011 600 1071 reconditiores
631 1009 793 1068 scholiasta
821 1009 969 1069 difficilius
1003 1019 1129 1083 erueret,
1162 1012 1218 1068 sed
1245 1017 1369 1087 propter
1394 1011 1442 1088 pi-

246 1113 366 1189 gritiam
388 1113 463 1189 elur,
491 1112 603 1189 quippe
630 1111 683 1188 qui
713 1112 755 1169 ad
787 1109 877 1168 finem
901 1111 1060 1185 languerit,
1090 1111 1270 1178 testimoniis
1302 1131 1364 1170 non
1396 1113 1442 1170 in-

247 1223 377 1274 structas
410 1231 478 1272 esse
511 1231 603 1272 nemo
635 1229 697 1270 non
726 1207 919 1270 concludet4.
964 1212 1049 1284 Quid
1075 1229 1146 1270 vero
1180 1212 1206 1270 si
1238 1213 1356 1271 indoles
1388 1232 1442 1272 ea·

246 1335 310 1375 rum
335 1315 541 1374 narrationum
570 1321 601 1371 et
627 1321 737 1372 natura
764 1311 908 1392 Nicandri
931 1313 1061 1388 prodere
1086 1331 1210 1372 manum
1238 1313 1441 1372 demonstrari

246 1413 369 1494 potest?
413 1413 495 1486 Quid
521 1415 552 1472 in
583 1387 967 1490 framenffNicandreis
994 1413 1019 1470 si
1047 1412 1217 1471 fabularum
1246 1429 1295 1488 24,
1321 1413 1371 1488 36,
1397 1431 1436 1488 41

248 1526 372 1578 exstant
402 1512 549 1592 vestigia?
591 1516 632 1574 Et
658 1523 781 1574 exstant
811 1515 949 1592 quamvis
978 1513 1092 1572 infirma
1122 1523 1155 1573 et
1182 1515 1301 1591 pusilla,
1337 1526 1440 1574 tamen

247 1619 331 1678 haud
352 1617 580 1678 contemnenda
608 1634 663 1694 pro
690 1616 934 1674 testimoniorum
964 1616 1097 1692 penuria.
1142 1615 1292 1674 Fabulam
1315 1634 1354 1694 34
1377 1619 1439 1676 An·

246 1723 368 1780 toninus
390 1723 431 1780 de
456 1720 582 1798 Smyrna
607 1720 733 1795 eiusque
756 1718 817 1776 lilio
843 1717 987 1776 Adonide
1007 1716 1112 1776 refert:
1142 1735 1161 1774 a
1185 1717 1341 1776 Nicandro
1368 1737 1440 1776 con-

246 1833 308 1882 stat
340 1825 381 1882 de
403 1822 549 1881 Adonide
583 1837 652 1880 esse
685 1815 868 1880 narrarunt.
914 1818 1027 1876 Nonne
1059 1819 1100 1876 de
1127 1817 1274 1893 Smyrnae
1306 1820 1440 1878 scelesto

246 1941 349 1983 amore
369 1931 402 1981 et
415 1921 654 1998 metamorphosi
669 1923 837 1980 decantata
854 1920 1000 1979 cecinisse
1016 1920 1150 1978 eundem
1165 1919 1261 1994 quivis
1276 1916 1440 1998 colliget⁰?

244 2025 404 2104 Byblidem
435 2033 518 2082 certe
544 2020 594 2096 (cf.
617 2023 676 2084 sab.
699 2018 754 2098 30)
785 2025 923 2081 secundo
949 2021 1213 2080 heteroeumenon
1243 2021 1318 2080 libro
1345 2022 1438 2080 versi·

243 2126 300 2184 bus
328 2126 501 2186 celebravit.
546 2124 682 2183 Fabulae
705 2122 744 2197 36
777 2131 988 2199 argumentum
1017 2124 1058 2181 ad
1091 2122 1256 2199 nympham
1285 2141 1366 2199 quae
1388 2122 1437 2180 Io·

243 2246 310 2286 vem
336 2226 494 2286 nutriverit
517 2232 638 2301 spectat
648 2220 669 2300 ⁷,
693 2223 804 2282 scimus
828 2241 899 2281 vero
920 2223 1043 2282 aliunde
1066 2224 1107 2281 de
1123 2224 1233 2282 eadem
1255 2223 1306 2282 dei
1327 2226 1436 2283 summi

243 2329 362 2386 nutrice
392 2327 578 2386 Nicandrum
610 2325 702 2384 verba
736 2321 874 2386 fecisset
918 2323 1061 2401 Denique
1090 2333 1257 2384 extremam
1290 2325 1436 2384 Antonini

241 2559 267 2609 p.
283 2541 345 2602 206,
363 2551 395 2606 25
415 2557 454 2606 sq.
473 2541 633 2610 Περίφας..
646 2537 837 2604 .ἒβασίλευσε.
850 2579 856 2592 .
867 2539 929 2591 mul
946 2537 1055 2606 ἐγένετο
1065 2539 1168 2598 δίκαιος
1186 2541 1231 2592 καὶ
1244 2533 1372 2598 πλούσιος
1390 2543 1435 2594 καὶ

241 2622 317 2686 ὅσιος
347 2629 393 2680 καὶ
420 2625 479 2695 ἱερὰ
503 2628 617 2680 πλεῖστα
642 2625 773 2691 ἐποίησεν
795 2621 943 2680 Ἀπόλλωνι
970 2627 1023 2679 κτλ.
1053 2634 1078 2678 et
1105 2645 1132 2695 p.
1151 2641 1212 2693 203,
1236 2642 1266 2692 19
1287 2645 1326 2696 sq.
1353 2627 1438 2700 Ἱέραξ

241 2716 384 2786 ἐγένετο..
398 2755 404 2770 .
419 2714 523 2774 δίκαιος
546 2711 615 2784 ἀνὴρ
643 2717 688 2766 καὶ
702 2709 852 2785 ἐπιφανής.
888 2707 965 2773 οὗτος
981 2711 1042 2784 ἱερὰ
1061 2709 1205 2786 Δήμητρος
1221 2709 1352 2786 ἱδρύσατο
1379 2720 1434 2770 κτλ.

241 2812 268 2856 et
294 2821 320 2872 p.
341 2817 401 2868 219,
425 2805 456 2855 16
482 2805 545 2874 περὶ
564 2803 714 2870 Βαβυλῶνα
733 2794 839 2871 ᾤκησεν
865 2796 933 2871 τἰνηρ
959 2800 1090 2872 θεοφιλὴς
1117 2806 1163 2855 καὶ
1181 2800 1317 2866 πλουσιος,
1345 2797 1435 2876 ὄνομα

241 2894 358 2952 litatum
377 2893 409 2944 ci.
430 2892 507 2942 etiarn
526 2909 551 2958 p.
571 2904 630 2958 215,
652 2903 681 2942 12
703 2899 729 2942 et
746 2908 772 2958 p.
793 2901 852 2957 205,
872 2901 914 2956 25,
934 2891 992 2944 alia.
1020 2892 1108 2942 Aliter
1126 2907 1186 2943 sese
1204 2894 1304 2945 habent
1323 2895 1435 2962 repetiti·

240 2997 305 3032 ones
323 2981 357 3031 de
376 2981 472 3048 quibus
491 2997 516 3046 p.
536 2991 570 3044 37
590 2979 651 3032 diss.
672 2996 711 3045 sq.
731 2979 848 3032 diximus.

340 3065 351 3104 ¹
371 3070 457 3134 Quare
476 3068 592 3117 tabulam
614 3077 627 3131 5
647 3067 730 3133 primo
750 3063 949 3132 ornithogoniae
968 3069 1082 3119 attribuo
1102 3069 1179 3124 libro.

339 3154 352 3193 Β
371 3158 451 3208 Cuius
471 3157 506 3207 de
525 3155 626 3220 origine
645 3156 720 3206 aliter
738 3157 817 3206 sentit
833 3156 979 3208 Schneider
996 3157 1015 3210 l.
1033 3157 1049 3210 l.
1069 3174 1094 3224 p.
1115 3159 1149 3208 66
1169 3159 1216 3222 srg.
1237 3161 1279 3212 61.

339 3243 409 3299 θῦε.
429 3246 501 3297 labb.
524 3255 546 3309 5,
566 3257 591 3311 7,
612 3257 651 3305 11,
675 3257 715 3311 15,
735 3257 778 3312 20,
797 3257 844 3303 213
864 3245 897 3296 de
916 3245 1049 3296 Nicandro
1068 3262 1121 3296 non
1139 3247 1210 3298 idern
1229 3247 1304 3298 statui
1323 3247 1394 3301 licet.

338 3332 351 3370 ⁴
368 3337 411 3385 De
430 3333 588 3401 compendio
607 3313 624 3385 ον
641 3333 734 3383 iterum
753 3333 843 3396 relego
864 3333 941 3400 adp.
960 3347 993 3399 47
1015 3333 1076 3387 diss.
1096 3351 1154 3388 ann.
1175 3347 1199 3399 3.

338 3421 350 3457 ⁵
369 3422 459 3474 Schol.
478 3421 606 3474 Theocrit.
628 3424 663 3490 V,
675 3434 708 3484 92
727 3416 776 3485 τὴν
793 3415 937 3490 ἀνεμώνην
957 3414 1112 3490 Νίκανδρός
1131 3437 1218 3494 φησιν
1237 3422 1267 3476 ἐκ
1286 3423 1334 3476 τοῦ
1354 3417 1436 3478 χρώ.

238 3509 314 3569 νιδος
330 3513 444 3581 αἵματος
463 3509 572 3580 φυῆναι.

337 3597 349 3633 ⁶
370 3600 438 3650 Nam
456 3613 546 3664 parum
569 3599 649 3649 refert
671 3600 697 3649 in
726 3615 778 3664 quo
804 3599 914 3648 offendit
937 3599 1082 3650 Schneider
1106 3598 1124 3652 l.
1143 3598 1160 3652 1.
1181 3616 1207 3666 p.
1227 3600 1269 3662 69,
1297 3601 1330 3651 ab
1350 3601 1435 3652 Anto·

238 3687 300 3737 nino
329 3687 392 3740 nihil
423 3689 457 3739 de
484 3687 689 3753 metamorphosi
719 3687 854 3738 Adonidis
883 3688 942 3740 dici.
980 3690 1012 3739 Id
1042 3687 1114 3754 qnod
1140 3689 1317 3756 compilatoris
1346 3689 1435 3754 negle-

238 3775 340 3838 gentiae
369 3777 536 3827 tribuendum
560 3782 608 3836 est,
636 3775 680 3841 qui
704 3775 811 3826 strictim
837 3777 942 3826 omnino
962 3783 1006 3826 aut
1024 3776 1118 3842 raptim
1140 3777 1173 3826 de
1194 3777 1320 3827 Adonide
1340 3778 1435 3828 samam

237 3871 339 3928 tangat;
361 3865 432 3914 aliud
452 3865 520 3915 enirn
539 3863 603 3915 nihil
614 3854 755 3914 memoriae
773 3865 863 3930 prodit
881 3881 906 3931 p.
928 3877 1034 3928 232,13
1054 3880 1132 3930 qnam
1152 3859 1182 3916 τὸ
1204 3862 1235 3916 tl
1254 3867 1358 3935 βρέφος
1368 3862 1436 3922 Διὸς

237 3952 320 4026 βουλῇ
338 3947 513 4023 τρεφόμενον
532 3947 683 4021 ὠνόμασαν
701 3944 820 4006 ’Ἄδωνιν
839 3954 884 4004 καὶ
902 3947 985 4006 αυτὸν
995 3947 1139 4023 Ἀφροδίτη
1157 3953 1286 4005 πλεῖστον
1305 3945 1434 4021 ἠγάπησε

238 4035 283 4092 duit
302 4036 332 4093 τὸ
353 4034 456 4101 κάλλος.
494 4042 609 4109 Sapienti
628 4048 675 4094 sat.
714 4041 835 4092 Ceterum
862 4043 896 4091 de
916 4043 1027 4107 Smyrna
1045 4057 1110 4108 quae
1126 4041 1248 4105 legimus,
1264 4041 1298 4092 ab
1318 4043 1432 4092 omnium

237 4145 303 4196 quos
330 4130 409 4180 sciam
438 4138 599 4182 vetustorum
619 4132 772 4198 scriptorum
796 4129 901 4181 sabellis
928 4130 989 4181 satis
1010 4130 1145 4182 dissident.
1182 4130 1305 4180 Proxime
1333 4132 1433 4182 accedit

236 4219 361 4284 Panyasis
381 4219 452 4285 apud
471 4219 667 4286 Apollodorum
686 4222 736 4281 ΠΙ,
759 4233 799 4283 14,
818 4233 842 4283 4.
880 4218 920 4272 Cs.
941 4220 1050 4287 Hauptii
1079 4220 1112 4270 ad
1132 4219 1220 4270 Ovidii
1245 4225 1303 4272 met.
1322 4221 1361 4280 X,
1380 4221 1431 4282 298

236 4313 263 4358 et
283 4317 332 4373 503
352 4306 540 4360 annotationes.

335 4389 391 4461 lp.
412 4406 474 4458 233,
493 4409 509 4458 4
530 4411 568 4461 sq.
589 4392 666 4450 Ῥέα.
681 4397 885 4464 ..κατέκρυψεν
912 4394 943 4450 ἐν
970 4395 1006 4464 τῷ
1024 4394 1162 4466 κευθμῶνι
1190 4394 1237 4462 τῆς
1251 4389 1357 4464 Κρήτης
1383 4391 1433 4449 τὸν

235 4483 299 4541 Δία,
317 4474 377 4533 τότε
396 4474 480 4533 αὐτὸν
499 4481 643 4550 ἐξέτρεψεν
659 4481 713 4541 Al}
730 4481 819 4551 (immo
839 4481 900 4549 Αἲξ)
919 4479 1017 4554 νύμφη
1035 4479 1171 4554 ὀρέγουσα
1190 4487 1245 4538 κτλ.

743 347 783 362 -.
825 331 863 394 5²
909 347 948 360 ...

250 503 398 568 stabilitur
408 499 428 576 ¹,
451 503 599 580 omittam,
629 504 660 564 in
682 511 809 580 utraque
829 503 995 576 historiola,
1025 504 1078 580 qui
1100 504 1156 563 fuit
1178 503 1253 564 Boei
1275 523 1352 577 mos,
1376 524 1448 566 non

1643 4359 1644 4392 l

334 4567 453 4622 ⁸Schol.
473 4570 549 4619 Arati
568 4586 592 4622 v.
613 4571 658 4620 161
681 4567 763 4639 (apud
780 4571 970 4622 Schneiderum
999 4573 1048 4635 lrg.
1071 4585 1121 4639 114
1139 4574 1253 4624 incertae
1272 4572 1356 4643 sedis)
1382 4569 1432 4640 τὴν
1519 4639 1522 4646 Ι
