3292 5342
787 337 1012 412 -ιο-’

293 519 368 616 ἦσαν
394 531 426 596 δὲ
452 531 530 621 utrisq]
558 531 658 607 παῖδες
677 524 788 610 Λύκιος
808 535 857 596 καὶ
876 530 1019 615 Ὀρτύγιος
1042 534 1092 596 καὶ
1109 531 1259 614 Ἅρπασος
1281 536 1331 596 uni
1356 533 1488 618 θνγάιηρ

289 633 452 718 Ἀρτεμίχη,
475 632 575 710 παῖδας
593 632 626 696 ἐκ
644 633 750 714 μητρὸς
764 631 884 716 Ἆρπης.
907 636 979 696 Νοιι
1000 655 1098 714 aeque
1121 638 1258 708 offendit,
1281 641 1367 715 quod
1389 649 1487 700 mater

291 741 333 800 de
354 740 493 816 improbo
515 738 588 816 quid
610 737 738 797 senserit
759 739 905 798 sacrificio
920 757 984 798 non
998 735 1173 798 narraturl:
1198 748 1230 798 at
1244 740 1353 799 iterum
1363 741 1487 818 Harpae

291 842 479 900 mentionem
501 859 564 899 non
586 839 648 898 fieri
669 858 699 917 p.
717 839 823 908 220,b
844 833 872 898 oi
894 835 926 900 δὲ
948 835 1013 912 τούς
1032 861 1061 900 ιε
1083 836 1189 911 παῖδας
1205 838 1254 898 καὶ
1276 837 1340 913 τοὺς
1354 836 1488 918 &ipanus

291 928 458 1002 αὐτῶνκαὶ
479 937 527 1002 τὸν
548 939 668 1000 Κλεῖνιν
687 935 850 1020 κατήσθιον
876 943 965 1002 valde
992 941 1184 1011 demiramur,
1212 941 1352 1002 nimirum
1383 962 1484 1022 quam·

292 1060 384 1120 quam
405 1050 504 1102 mater
525 1043 604 1101 inter
625 1059 678 1100 eos
700 1043 752 1118 qui
767 1043 806 1100 ab
829 1043 922 1102 asinis
944 1041 1112 1102 furibundis
1133 1043 1292 1102 dilacerati
1318 1053 1399 1114 sunt,
1422 1063 1484 1102 non

290 1153 469 1204 enumerata
490 1151 548 1214 est,
571 1153 675 1203 tamen
697 1146 912 1204 continuantur
932 1137 960 1202 oi
982 1137 1009 1202 δ’
1029 1140 1223 1220 ἀπολλύμενοι
1244 1141 1308 1217 roric
1322 1143 1411 1218 θεοὺς
1423 1140 1486 1206 ἑπε-

289 1245 407 1322 dusino.
439 1243 505 1305 liat
520 1240 635 1324 Ἅρπην
652 1240 709 1323 μὲν
728 1247 784 1308 κτλ.
820 1245 1011 1306 Contrarium
1033 1246 1147 1305 accidit
1168 1247 1270 1316 servis,
1293 1247 1344 1324 qui
1366 1246 1430 1309 v.6
1454 1248 1484 1305 in

291 1363 397 1406 eorum
407 1363 534 1404 nurnero
546 1355 626 1416 sunt,
642 1347 751 1424 quibus
763 1347 881 1406 bestiae
896 1347 988 1407 exitio
1002 1347 1133 1419 fuerunt,
1150 1356 1254 1406 tamen
1278 1349 1317 1404 de
1333 1348 1369 1406 iis
1381 1365 1485 1424 quam·

291 1465 383 1524 quam
405 1465 433 1508 v.
450 1463 487 1522 14
509 1465 616 1508 omnes
637 1447 668 1506 in
688 1466 761 1507 aves
784 1465 949 1508 conversos
965 1466 1034 1508 esse
1056 1449 1267 1528 comperimus,
1291 1456 1357 1506 tota
1382 1449 1485 1507 sabula

290 1548 466 1610 altissimum
487 1549 640 1610 silentium
660 1559 715 1612 est.
747 1551 861 1609 Eorum
882 1550 1056 1609 Antoninus
1079 1549 1190 1609 oblitus
1213 1567 1280 1608 esse
1303 1550 1430 1620 videtur,
1452 1559 1485 1608 ut

289 1649 413 1728 Harpae
426 1651 538 1711 oblitus
556 1659 611 1714 est.
640 1652 751 1712 Restat
772 1652 862 1711 tertia
883 1651 1046 1711 difficultas
1063 1651 1147 1709 haud
1161 1651 1261 1710 minus
1282 1652 1391 1726 gravis.
1425 1651 1483 1710 La·

289 1760 365 1812 tona
386 1761 417 1810 et
438 1751 540 1812 Diana
556 1752 673 1824 Clinim,
696 1753 910 1824 Artemicham,
926 1751 1083 1830 Ortygiam
1102 1753 1246 1829 perniciei
1269 1753 1385 1828 eripere
1408 1770 1481 1810 con·

290 1855 416 1914 stituere
439 1849 478 1931 (v.
497 1847 560 1932 ιο),
581 1847 622 1914 in
647 1849 700 1914 οὐκ
722 1848 806 1914 αἴτιοι
827 1857 882 1914 τῶν
902 1848 1088 1932 ἀσεβημάτων
1109 1839 1190 1934 ἦσαν.
1223 1853 1349 1911 Deabus
1370 1853 1482 1928 suppli-

290 1955 428 2014 cantibus
450 1955 560 2030 Apollo
582 1973 699 2016 morem
725 1956 801 2032 gerit
825 1952 865 2032 (v.
893 1949 943 2034 13)
967 1963 999 2013 et
1020 1948 1152 2034 πρόσθεν
1174 1946 1193 2031 ἢ
1215 1949 1379 2012 ἀποθανεῖν
1398 1974 1483 2030 μετα-

288 2051 388 2133 βαλὼν
407 2051 523 2135 ἐποίησε
547 2066 769 2134 -exspectas
795 2051 907 2129 αὐτούς,
937 2057 1113 2116 falleris-
1137 2043 1244 2126 πάντας
1266 2047 1394 2130 ὄρνιθας.
1444 2055 1484 2113 Ut

289 2156 429 2216 omittam
450 2157 617 2216 dicendum
639 2158 731 2218 fuisse
753 2155 818 2230 τούς
838 2153 948 2230 ἄλλους,
972 2176 1042 2216 cum
1064 2167 1156 2217 antea
1180 2153 1220 2228 (v.
1238 2157 1270 2231 8)
1293 2158 1357 2214 duo
1380 2175 1483 2216 eorum

288 2273 307 2314 a
332 2256 476 2334 Neptuno
509 2259 569 2318 iarn
596 2260 772 2319 commutati
799 2260 917 2330 fuerint,
953 2277 1007 2318 cur
1038 2247 1176 2318 ‘omnes'
1203 2259 1311 2317 dixerit
1340 2266 1395 2316 tuo
1422 2260 1484 2316 iure

287 2375 426 2434 quaeres.
469 2357 637 2421 Nescimus,
680 2360 790 2438 Apollo
812 2379 884 2418 vero
907 2361 932 2418 si
952 2379 1007 2436 pro
1031 2377 1085 2418 sua
1107 2359 1268 2418 clementia
1291 2359 1358 2435 plus
1393 2351 1482 2435 quam

288 2460 368 2518 deae
389 2461 547 2538 petebant,
569 2461 770 2538 praestiturus
792 2470 867 2537 erat,
889 2461 949 2520 hoc
971 2461 1105 2520 dilucide
1126 2479 1145 2518 a
1168 2461 1259 2518 libelli
1280 2468 1406 2518 auctore
1428 2479 1481 2520 an-

288 2564 459 2622 notandum
481 2563 548 2622 luit.

168 2659 265 2712 fabar
387 2682 416 2740 p.
435 2679 507 2732 221,
529 2679 620 2739 12sq.
644 2664 842 2740 exstirpanda
863 2681 932 2722 esse
954 2665 1112 2724 contendo
1135 2663 1226 2721 verba
1248 2655 1314 2738 ἄτερ
1336 2657 1413 2721 oliuu
1434 2658 1483 2720 nul

199 2833 204 2845 Ι
288 2759 378 2822 ποιοῦ
409 2759 463 2842 τὴν
495 2759 628 2843 κεφαλὴν
653 2757 772 2842 ἴσχουσα
798 2760 883 2842 κάτω,
914 2759 979 2836 τοὺς
1008 2760 1040 2825 δὲ
1069 2759 1160 2835 πόδας
1182 2757 1287 2839 ἄκρους
1315 2755 1375 2820 ἄνω
1403 2779 1482 2836 quae

193 2854 198 2889 ³
288 2864 425 2940 quamvis
440 2864 507 2944 ipsa
522 2865 570 2922 vix
591 2865 725 2943 aliquam
740 2863 907 2924 exhibeant
922 2866 1123 2926 offensionem
1136 2862 1158 2936 2,
1173 2865 1215 2925 ad
1230 2863 1374 2922 familiam
1388 2861 1479 2919 inter-

286 2964 477 3041 polationum
504 2982 609 3024 earum
630 2965 781 3042 pertinere
809 2966 957 3037 videntur,
979 2967 1088 3042 quibus
1112 2967 1285 3024 denatura
1307 2963 1480 3023 animalium

189 3050 191 3058 ¹
288 3067 457 3126 accuratius
479 3067 586 3143 agitur.

169 3165 268 3219 fab·22
384 3187 415 3246 p.
433 3183 502 3248 221,
520 3183 557 3244 25
583 3161 739 3245 Τέρομβος
756 3160 916 3246 Εὗοιὶρου.
931 3165 1001 3228 ,καὶ
1025 3161 1171 3240 blindaim
1192 3155 1306 3244 νύμφης
1331 3159 1484 3242 venatur

287 3267 345 3330 tria
377 3267 537 3328 continent
562 3268 684 3328 menda.
728 3267 829 3344 Atque
858 3267 987 3344 primum
1015 3269 1140 3344 quidem
1167 3267 1323 3327 Berkelius
1354 3265 1482 3334 sustulit,

287 3387 356 3429 cum
377 3363 538 3448 Κέραμβος
559 3377 707 3439 exararet,
731 3371 816 3445 quod
838 3377 870 3428 et
895 3364 1042 3446 κεράμβιιξ
1072 3363 1115 3448 (p.
1133 3384 1203 3438 222,
1223 3367 1273 3444 18)
1293 3367 1483 3444 postularet

287 3469 414 3532 Ovidius
439 3468 522 3548 (met.
534 3470 601 3546 VH,
615 3485 675 3544 353
689 3467 767 3548 sqq.)
789 3470 917 3546 praebet
929 3466 950 3531 ³.
971 3470 1064 3529 Porro
1088 3469 1231 3529 articulus
1251 3479 1323 3526 ante
1341 3463 1482 3543 Εὐοείρου

287 3573 417 3633 omissus
443 3582 492 3632 est
519 3591 610 3650 quem
631 3569 803 3632 Antoninus
830 3571 862 3630 in
883 3571 943 3630 hac
968 3571 1142 3630 elocutione
1169 3588 1321 3646 nusquam
1343 3586 1405 3627 non
1427 3569 1482 3626 ad·

286 3673 387 3751 hibet;
409 3674 448 3737 ci.
463 3693 492 3752 p.
506 3690 575 3745 ιον,
590 3689 641 3752 173
660 3687 730 3746 204,
743 3687 761 3746 5
771 3689 779 3744 ;
796 3687 911 3752 215‚9;
935 3687 1074 3749 217,14;
1098 3688 1170 3748 234,
1185 3687 1240 3747 3²3
1265 3670 1335 3746 236,
1356 3685 1391 3744 15
1414 3669 1481 3728 alia.

285 3775 396 3854 Itaque
418 3777 584 3853 legendum
605 3783 653 3834 est
677 3767 838 3852 Κέραμβος
857 3767 913 3854 <ὁ>
936 3767 1087 3852 Εὐοιίροιι.
1124 3773 1263 3833 Tertium
1284 3772 1418 3847 denique
1441 3771 1482 3828 vi·

286 3877 360 3936 tium
381 3877 413 3936 in
434 3863 586 3956 Όθρηίδος
607 3877 692 3938 latet.
736 3875 880 3935 Editores
908 3875 1031 3951 quidem
1060 3870 1267 3936 adiectivum⁴
1288 3874 1481 3932 linxeruuta

385 4083 396 4122 ¹
414 4086 447 4137 Id
465 4086 537 4153 quod
557 4084 688 4153 prioribus
702 4085 848 4136 editoribus
864 4083 1054 4151 vituperatione
1067 4083 1180 4134 maxima
1194 4082 1303 4146 dignum
1322 4093 1381 4133 esse
1400 4081 1482 4132 visum

286 4181 338 4236 ests
357 4175 389 4229 ci.
402 4175 494 4228 Koch.
513 4191 538 4241 p.
556 4185 607 4240 204
620 4190 660 4240 sq.

383 4255 539 4333 2’'Irrygovun
560 4261 583 4313 si
601 4263 745 4330 exceperis,
763 4263 834 4330 quod
859 4277 874 4312 a
893 4261 1030 4329 scriptoris
1050 4260 1240 4313 cousuetudine
1260 4258 1396 4326 abhorret3
1416 4272 1481 4326 opus

285 4352 353 4403 soret
371 4350 486 4422 ἔχουσας
509 4351 541 4402 cf.
557 4367 579 4404 e.
593 4367 618 4416 g.
630 4367 657 4418 p.
670 4351 732 4416 236,
747 4363 789 4416 31.

384 4436 575 4492 ³Schneidero
595 4446 662 4491 teste
680 4438 742 4508 (l.c.
755 4455 782 4506 p.
798 4451 832 4503 49
853 4455 912 4491 ann.
929 4437 953 4508 ι)
972 4438 1105 4505 Hauptius
1123 4431 1265 4508 κερὰμπιιξ
1282 4442 1309 4486 et
1332 4435 1483 4502 Κέραιιπος

284 4528 384 4580 restitui
395 4528 490 4591 votuit,
504 4529 579 4580 cuius
592 4527 716 4580 lectionis
729 4528 758 4578 in
774 4529 920 4580 novissima
932 4527 1084 4594 Hauptiana
1097 4524 1343 4593 metamorphoseon
1362 4523 1482 4574 editione

283 4632 332 4667 nec
350 4619 411 4670 vola
430 4633 480 4668 nec
498 4617 639 4682 vestigium
658 4623 706 4670 est.

382 4703 395 4740 ⁴
419 4706 481 4758 Nisi
506 4706 574 4757 sorte
592 4707 757 4757 Nicandrum
783 4713 878 4758 novam
906 4721 998 4757 vocem
1022 4705 1151 4754 formasse
1175 4700 1321 4767 statuimus,
1350 4715 1414 4750 sane
1437 4700 1483 4765 qni
