3292 5342
677 355 883 416 ...7-

178 507 382 586 arbitrabitur.
426 525 527 600 Atque
548 525 632 583 unde
654 524 789 584 hauserit
808 524 1018 603 interpolator,
1041 522 1242 584 demonstrari
1260 531 1371 600 potest.

176 627 248 703 lpse
270 620 431 686 iudices1:

223 729 384 788 Glossator
406 745 474 786 cum
497 725 663 802 explicaret
965 726 1159 786 Aristoteles:

348 823 526 906 κνιιτολίγοςς
752 829 769 888 l.
793 846 820 887 e.
840 847 870 904 p.
888 842 1010 902 593a4
1031 823 1105 888 ἄλλα
1130 822 1156 886 δ’
1178 824 1237 888 ἔστί
1259 846 1373 886 σκνιπσ·

220 924 310 990 πικώ·
333 925 405 1006 πρὸς
426 921 530 1006 ταίτην
550 925 623 1014 ἀετρί
649 925 701 988 πό·
752 925 834 1008 φάμα
847 973 854 988 .
867 919 929 988 οἷον
950 924 1036 989 πισοί.

175 1018 264 1106 λεμίς
277 1026 394 1088 ἐστικαὶ
408 1024 534 1113 ἒρριδιῷ·
548 1025 700 1108 κατάγνυσι
751 1049 779 1106 p.
796 1030 886 1106 6092
903 1046 945 1104 30
966 1019 1089 1107 πόλεμος
1112 1076 1119 1091 .
1141 1075 1148 1090 .
1171 1025 1250 1112 nium
1272 1024 1304 1088 δὲ
1324 1028 1374 1087 καί

176 1128 231 1209 γὰρ
246 1125 341 1190 αὐτῶν
355 1127 389 1188 τὰ
402 1119 460 1216 ρίοί·
483 1125 628 1188 κόπτουσα
647 1128 701 1208 τὴν
751 1125 873 1216 ἐρωδιῷ·
899 1128 934 1190 τὰ
953 1127 1010 1210 γὰρ
1035 1127 1080 1218 ᾠὰ
1106 1128 1301 1192 κατεσθίει..
1324 1135 1374 1190 τοῦ

177 1228 246 1309 δρῦν
267 1228 316 1290 διὰ
336 1226 402 1302 τοὺς
421 1231 532 1302 κνῖιιας,
751 1229 881 1310 ἕρωδιοῦ.

753 1349 810 1408 593
822 1354 840 1394 a
856 1349 872 1410 7
890 1329 959 1412 πρὸς
972 1329 1007 1392 τὰ
1020 1327 1093 1404 ξίλο
1109 1321 1329 1413 προςαετίμενα.

749 1437 788 1498 ib.
805 1453 840 1494 12
863 1423 1031 1513 κακολόγος
1046 1479 1053 1495 .
1066 1479 1073 1495 .
1088 1429 1143 1494 ἔστι
1158 1433 1209 1493 καί
1231 1423 1312 1494 mairo
1326 1435 1371 1506 ξο-

749 1531 873 1598 λοκόκον

969 1635 1155 1712 Hesychius:

792 1735 878 1814 ιιιτιαί,
912 1735 1011 1816 ὄρνεον
1043 1732 1189 1814 πολέμιον,
1226 1729 1264 1810 ὥς
1293 1757 1371 1814 τινες,

748 1837 869 1926 ἕρῳιίιῷ.

275 1962 305 2018 p.
323 1958 392 2018 215,
411 1959 447 2000 22
477 1944 570 2003 verba
597 1937 638 2002 tu
659 1939 691 2002 τί
712 1945 769 2021 πῦρ
791 1938 944 2022 φεύγοντες
964 1937 1011 2002 διὰ
1031 1945 1082 2001 τοῦ
1103 1935 1197 2020 τοίχου
1219 1936 1298 2018 παρὰ
1319 1935 1373 2017 τὴν

173 2047 232 2124 γῆν
259 2037 365 2104 ἔδοσαν
393 2063 455 2102 non
478 2045 630 2102 conciliari
656 2051 785 2119 possunt
808 2061 878 2102 cum
899 2044 934 2102 iis
964 2061 1045 2119 quae
1067 2061 1093 2100 v.
1121 2057 1157 2116 19
1180 2058 1224 2118 sq.
1247 2058 1372 2116 praece·

174 2147 252 2203 dunt
285 2139 314 2204 οἱ
345 2142 372 2204 δ’
398 2140 478 2204 ἄλλοι
503 2141 536 2204 ἐκ
562 2147 612 2204 τοῦ
637 2141 725 2220 πυρὸς
746 2138 915 2223 ἀνέστησαν,
944 2145 1052 2220 quibus
1075 2143 1205 2219 scriptor
1225 2142 1372 2200 iudicavit
1555 2189 1560 2201 .
1623 2167 1624 2178 ν

175 2255 295 2304 ceteros
329 2246 379 2322 qui
405 2245 622 2322 Hyperhippae
655 2245 799 2320 fugitivae
832 2253 1034 2322 opponuntur,
1066 2263 1104 2304 ex
1130 2243 1197 2320 ipsa
1221 2243 1370 2319 flagrante

175 2349 270 2405 domo
291 2348 322 2406 in
345 2365 448 2406 aerem
470 2347 616 2408 evolasse.
653 2346 755 2420 Quam
776 2355 810 2405 ut
832 2349 969 2406 tollamus
992 2345 1238 2421 discrepantiam,
1263 2352 1370 2416 auctor
1416 2413 1431 2440 s
1480 2379 1481 2386 .

175 2450 241 2523 sim,
262 2448 499 2524 utquaehodie
520 2455 592 2524 post
614 2441 720 2507 αίιλοια
742 2449 885 2528 leguntur
906 2467 932 2508 v.
951 2465 986 2523 19
1004 2466 1048 2524 sq.
1074 2441 1102 2506 οἱ
1124 2443 1151 2504 δ’
1172 2442 1253 2506 ἄλλοι
1274 2441 1371 2504 iurari
1404 2507 1410 2524 ,
1489 2445 1497 2516 ,’
1543 2514 1547 2523 Ι
1588 2499 1605 2520 .,

175 2545 264 2627 πυρὸς
282 2543 451 2628 ἀνέστησαν,
468 2543 621 2627 Μοίνιχος
637 2545 694 2626 μὲν
714 2545 843 2627 τριόρχνμ
861 2544 1020 2627 γενόμενος,
1038 2544 1216 2626 Ἄλκανδρος
1236 2542 1267 2608 δὲ
1290 2541 1368 2625 ὀρχί-
1457 2565 1465 2580 ‘
1487 2511 1488 2515 ί
1514 2573 1531 2603 ¹.
1595 2553 1602 2575 ²

174 2650 230 2720 λος,
251 2668 359 2708 eorum
373 2659 525 2709 mutemus
542 2652 658 2720 sedem,
682 2651 796 2727 quippe
812 2669 893 2726 quae
908 2651 980 2708 olim
995 2669 1022 2710 v.
1038 2665 1076 2724 24
1095 2658 1166 2726 post
1179 2643 1258 2708 κίων
1272 2647 1368 2706 fuerit.
1441 2717 1445 2726 ,
1502 2719 1517 2739 ·.
1538 2672 1549 2720 f
1605 2709 1610 2725 ⁸

273 2770 302 2826 p.
320 2765 390 2825 215,
408 2751 446 2810 28
477 2750 630 2810 adfinem
654 2751 775 2811 fabulae
803 2752 926 2810 exhibet
950 2753 1047 2810 codex
1077 2744 1185 2810 α’ίθοια
1207 2744 1233 2808 δ’
1260 2743 1369 2828 ἐγένετο

174 2847 245 2926 πρὸς
269 2846 373 2927 λίμνας
397 2871 426 2910 τε
451 2850 501 2910 καί
522 2848 667 2936 θαλάσσῃ.
714 2852 851 2912 Berkelio
875 2861 1001 2914 auctore
1024 2853 1158 2912 dativum
1178 2846 1293 2929 λίμναις
1313 2868 1368 2926 po·

174 2970 271 3024 suere,
306 2970 463 3028 perperam
483 2955 655 3030 mopinot,
685 2954 937 3030 quandoquidem
960 2954 1133 3013 Antoninus
1168 2951 1368 3028 praepositio·

174 3071 242 3110 nem
266 3047 344 3131 πρός,
377 3072 469 3130 quam
496 3055 597 3113 biset
621 3057 770 3131 nonagies
799 3073 868 3114 cum
894 3055 1068 3116 accusativo
1092 3053 1256 3130 coniungit,
1293 3070 1367 3112 nus·
1447 3117 1450 3124 ⁴

173 3171 264 3231 quam
292 3172 360 3212 cnm
387 3155 527 3230 genetivo
554 3165 608 3215 aut
634 3157 739 3215 dativo
768 3157 900 3232 copulat.
943 3157 1029 3233 Lege
1052 3152 1123 3234 πρὸς
1142 3150 1247 3232 λίμνας
1268 3172 1296 3212 τε
1318 3151 1367 3210 καί

172 3249 335 3315 θάλασσαν.

270 3374 300 3430 p.
318 3355 420 3430 216.3
445 3357 481 3416 In
498 3352 572 3416 Κῶν
592 3353 645 3436 τὴν
655 3355 817 3438 Μεροπίδα
837 3363 927 3438 νῆσον
947 3360 1093 3418 usitatum
1114 3357 1232 3416 insulae
1252 3363 1487 3427 nomenfab.15

174 3457 339 3515 delendum
359 3466 418 3526 est,
442 3467 550 3536 utpote
577 3461 662 3536 quod
687 3461 899 3536 explicationis
926 3479 1018 3522 causa
1047 3459 1213 3535 ascriptum
1235 3474 1304 3514 esse
1326 3457 1369 3515 vi·

174 3559 293 3619 deatur.
337 3559 489 3620 Librarius
524 3562 604 3620 enim
631 3561 663 3619 in
695 3563 804 3621 codice
832 3562 971 3622 Palatino
999 3560 1073 3622 Κῶν
1098 3568 1214 3638 puncto
1242 3557 1370 3632 notavit,

174 3666 331 3730 praeterea
354 3661 443 3720 deest
463 3670 619 3724 accentus.
662 3663 836 3722 Antoninus
858 3681 930 3722 vero
954 3681 1045 3722 casca
1066 3671 1214 3720 terrarum
1245 3659 1371 3718 nomina

173 3776 250 3834 quae
270 3778 287 3816 e
308 3762 409 3836 poetis
433 3763 659 3838 deprompsisse
681 3765 839 3840 putandus
862 3775 910 3822 est
932 3761 983 3841 (ci.
998 3763 1172 3822 Schneideri
1194 3765 1212 3822 l.
1233 3779 1259 3822 c.
1280 3780 1311 3838 p.
1328 3771 1366 3834 47

172 3876 241 3920 ann.
266 3857 306 3938 2),
338 3861 467 3922 libenter
488 3864 628 3939 adhibet;
664 3864 701 3924 cl.
725 3883 753 3940 p.
772 3879 841 3940 232,
862 3863 897 3922 18
921 3861 953 3924 ἐν
973 3849 1106 3945 Ἀστερία
1129 3882 1184 3940 pro
1207 3858 1239 3921 ἐν
1261 3852 1364 3946 Δήλῳ;

173 3976 242 4035 224,
256 3977 297 4020 2ο
317 3971 348 4020 et
365 3963 466 4037 225‚6
486 3960 608 4024 Ἀονίαν
629 3974 661 4023 et
678 3961 779 4036 ’Ἀονες
801 3985 856 4042 pro
867 3960 1012 4026 Βοιωτίαν
1033 3972 1066 4022 et
1078 3960 1217 4040 Βοιωτοί;
1242 3979 1363 4040 204,17

172 4057 400 4142 Σιονφίδαςριο
413 4061 607 4144 Κορινθίους
631 4085 661 4142 p.
679 4082 750 4144 237,
765 4082 813 4141 ²5·
832 4081 878 4144 27.
895 4083 934 4143 29
955 4075 988 4125 et
1013 4065 1082 4140 238,
1103 4082 1113 4123 r
1140 4062 1288 4144 Καδμεῖοι
1310 4084 1363 4142 pro

173 4157 315 4240 Θηβαῖοι;
339 4180 410 4242 237,
433 4183 472 4240 24
494 4176 526 4224 et
547 4181 585 4242 29
611 4157 759 4246 Τηλεβόαι
781 4187 837 4245 pro
857 4157 981 4248 Τάφιοι.

268 4283 297 4340 p.
316 4266 384 4338 216,
398 4281 414 4344 7
430 4285 474 4344 sq.
500 4264 563 4326 ἀλλ’
585 4264 683 4346 εἰμὲν
700 4265 823 4353 Ἀθηνᾷ
845 4290 884 4342 τις
904 4264 968 4347 ἱεροὶ
987 4274 1077 4330 ποιῶν
1098 4260 1232 4343 ἐκάλεσεν
1250 4266 1299 4342 τὰς
1319 4265 1364 4329 uri-

169 4383 228 4441 ρας,
251 4361 388 4446 ἀντέλεγεν
410 4362 563 4447 ὅάδελφὸς
583 4371 637 4448 τῆν
653 4370 768 4450 κλῆσιν·
790 4357 826 4430 οὗ
840 4368 896 4450 γὰρ
917 4367 1035 4451 ιίγαιιὸν
1051 4366 1108 4453 ἔφη
1128 4369 1258 4452 γλαυκὴν
1282 4362 1363 4447 θεόν,
1406 4391 1409 4396 ’

172 4513 370 4526 —-—.......

268 4604 280 4642 ¹
301 4607 380 4658 Tales
403 4608 546 4660 bestiarum
571 4610 714 4663 simultates
737 4611 835 4674 largam
860 4612 991 4662 veteribus
1014 4613 1189 4680 praebuerunt
1212 4617 1364 4683 disputandi

170 4696 310 4756 materiam,
331 4697 420 4762 itaque
439 4713 454 4746 e
474 4698 548 4748 fonte
567 4700 719 4750 secundario
736 4700 867 4762 glossator
876 4702 1051 4753 Aristotelica
1063 4705 1143 4755 verba
1155 4705 1258 4756 haurire
1271 4708 1362 4772 potuit.

1149 4807 1163 4844 2
