3292 5342
765 391 974 440 -12-

276 579 339 620 rem
361 561 386 620 si
408 568 593 638 spectamus,
616 578 688 618 num
702 560 898 635 paucioribus
923 560 1021 618 verbis
1043 561 1128 636 plura
1146 567 1274 636 possunt
1288 559 1392 616 referri
1414 561 1467 616 ab·

276 657 388 720 surda?
430 661 515 734 Quid
537 661 622 737 quod
644 659 685 716 ad
702 659 838 733 Sybarim
860 661 952 718 istum
974 660 1089 718 sontem
1112 679 1175 718 non
1192 660 1280 718 Locri
1303 661 1359 718 sed
1373 659 1468 717 Phoci

276 758 476 821 habitabant?
506 761 591 834 Quid
617 762 703 837 quod
725 759 845 834 Sybaris
869 760 1070 820 famosissima
1098 762 1128 819 in
1150 761 1238 819 Italia
1267 761 1337 819 urbs
1364 779 1427 818 non
1448 779 1468 818 a

275 863 391 942 Locris,
413 864 471 922 sed
492 862 531 920 ab
554 861 684 920 Achaeis
707 862 843 920 deducta
864 857 935 920 est?
971 861 1117 921 Confusio
1140 879 1211 920 vero
1233 863 1284 920 illa
1299 861 1466 938 Byzantino

79 942 81 953 Ι
129 945 168 976 w
275 964 376 1023 hercle
390 963 453 1022 ludi
469 961 616 1037 magistro
630 963 721 1040 digua
740 964 894 1038 quomodo
918 971 985 1020 orta
1008 964 1046 1021 sit
1069 992 1107 1004 --
1130 964 1236 1020 evolve
1254 981 1370 1040 quaeso
1387 963 1466 1021 Stra-

23 1019 106 1108 b'di
238 1114 243 1165 Ι.
274 1065 386 1124 bouem
408 1058 470 1143 (lib.
487 1063 561 1122 VIII
582 1083 612 1140 p.
636 1063 711 1138 38b;
734 1083 763 1142 p.
783 1079 841 1140 547
866 1065 915 1123 ed.
932 1058 1090 1142 Meinek.),
1112 1081 1131 1120 a
1152 1081 1213 1140 quo
1232 1063 1328 1122 haece
1351 1065 1391 1121 de
1413 1064 1466 1138 Sy-

275 1165 339 1223 bari
360 1165 449 1224 iluvio
472 1165 579 1223 Italico
606 1166 647 1223 ad
669 1183 760 1240 quem
783 1165 968 1241 cognomine
995 1165 1142 1241 oppidum
1165 1164 1364 1232 condebatur,
1395 1179 1467 1237 pro-

275 1264 426 1322 feruntur:
454 1261 512 1324 σἰιιὸ
533 1261 564 1325 δὲ
586 1269 637 1344 τῆς
653 1261 785 1325 ἐνταῦθα
808 1263 841 1343 (i.
865 1285 893 1322 e.
916 1265 946 1322 in
969 1265 1086 1322 Achaia
1111 1267 1194 1340 apud
1220 1263 1329 1322 Buram
1350 1259 1467 1332 urbem)

274 1359 380 1442 κρήνης
401 1353 564 1442 Συβάριδσς
583 1361 631 1424 τὸν
651 1361 725 1423 κατὰ
746 1355 802 1444 τήν
819 1360 943 1423 Ἰταλίαν
964 1360 1093 1440 ποταμὸν
1112 1359 1322 1442 ὀνομασθῆναί
1342 1382 1438 1444 φασιν.

172 1474 255 1536 taho
373 1483 401 1541 p.
419 1481 488 1540 209,
506 1481 539 1523 21
567 1459 609 1524 dn
632 1467 716 1542 apud
738 1465 1004 1524 Westermannum
1027 1472 1058 1522 et
1080 1465 1234 1524 Kochium
1255 1465 1406 1524 invenitur
1428 1482 1467 1520 ex

275 1565 533 1642 typographorum
555 1585 668 1645 errore,
692 1585 763 1625 nam
785 1560 830 1626 ὅτε
857 1575 889 1624 et
912 1567 1013 1624 codex
1035 1574 1215 1644 veteresque
1238 1566 1381 1626 exhibent
1402 1565 1466 1626 edi·

274 1666 374 1727 tiones
396 1675 429 1725 et
448 1686 503 1744 per
524 1685 558 1726 se
579 1667 789 1726 necessarium
811 1676 866 1726 est.

148 1778 202 1830 sab.
224 1790 256 1829 ιο
373 1787 403 1844 p.
419 1785 487 1840 210,
507 1785 540 1843 13
557 1769 721 1844 Minyades
743 1762 900 1846 ἔβάκχενον
920 1763 953 1827 ἐν
973 1769 1031 1840 τοῖς
1051 1763 1127 1843 ὄρεσι
1147 1767 1197 1827 καὶ
1218 1763 1352 1845 ἐνέμοντο
1373 1763 1468 1827 κισσὸν

273 1866 322 1926 καὶ
341 1863 453 1943 μέλανα
474 1868 524 1928 καὶ
546 1865 668 1948 δάφνην,
691 1887 770 1946 quae
786 1868 943 1945 Xylander
963 1869 1048 1926 nullo
1063 1869 1268 1946 posteriorum
1282 1871 1468 1928 adversante

274 1969 318 2028 sic
348 1970 436 2030 vertit
463 1967 575 2046 (Koch.
600 1991 630 2048 p.
648 1968 714 2046 obl:
747 1966 794 2030 ‘in
823 1971 977 2029 montibus
1007 1971 1179 2030 bacchatae
1205 1979 1277 2029 sunt
1298 1979 1467 2046 pastaeque

274 2071 421 2129 hederam
451 2072 606 2130 smilacem
634 2081 665 2130 et
692 2061 824 2132 laurum'.
869 2071 978 2130 Risum
1000 2073 1130 2131 teneatis
1159 2071 1256 2131 amici.
1300 2070 1342 2129 At
1363 2087 1468 2128 revera

25 2233 32 2257 Ι
126 2203 130 2212 .
195 2211 203 2258 l
238 2209 245 2287 η
274 2172 349 2247 quid
371 2172 438 2230 voci
461 2167 630 2248 νέμεσθαι2
653 2171 771 2249 faciam,
799 2173 912 2232 nescio.
956 2173 1139 2248 Legendum
1165 2191 1234 2232 esse
1257 2189 1371 2231 censeo
1392 2165 1466 2231 ἐσιέ-

17 2255 40 2323 i
88 2257 149 2328 Iti·
179 2237 199 2299 i'
245 2322 248 2353 Ι
273 2292 361 2352 φονισ
382 2291 438 2350 pro
460 2268 604 2350 ἐνέμοντο,
628 2274 661 2330 id
684 2275 861 2348 quodcum
882 2275 1060 2333 accusativo
1083 2274 1280 2332 coniunctum
1307 2291 1377 2331 esse
1406 2291 1467 2330 non

118 2420 122 2431 .
182 2393 227 2493 Ιη
274 2383 323 2432 est
347 2392 401 2432 cur
428 2375 584 2443 miremur;
622 2374 661 2433 cs.
683 2373 816 2450 Alciphr.
845 2373 883 2443 11,
914 2390 939 2444 1,
961 2391 993 2450 3;
1028 2374 1152 2435 Anthol.
1177 2374 1240 2432 Pal.
1263 2373 1318 2442 IX,
1341 2371 1410 2449 363,
1433 2391 1465 2448 3;

108 2451 135 2492 '²
154 2383 175 2530 i
200 2455 208 2511 ὖ
274 2474 335 2551 egit
354 2473 471 2534 dehac
493 2483 643 2534 structura
659 2473 793 2534 Cobetus
815 2475 847 2532 in
869 2493 929 2534 var.
945 2476 1013 2536 lect.
1034 2476 1082 2535 ed.
1102 2493 1164 2533 sec.
1177 2493 1206 2551 p.
1224 2488 1259 2548 51
1276 2471 1297 2538 Β,
1327 2474 1467 2533 Bacchae

36 2581 58 2623 Ἰ
82 2601 87 2643 ;
122 2555 131 2684 J
145 2609 156 2643 2.
165 2555 203 2663 s..
219 2561 257 2625 k
274 2593 346 2632 vero
364 2585 538 2635 sanctarum
552 2593 658 2634 earum
673 2576 815 2635 arborum
834 2575 993 2634 frondibus
1009 2595 1042 2634 se
1053 2575 1193 2634 redimire
1209 2577 1320 2648 soient;
1344 2575 1382 2636 cf.
1395 2576 1466 2633 Eur.

16 2646 59 2789 ἠ-
79 2654 84 2693 '
142 2678 206 2767 -3'33
227 2675 381 2777 “bacch
396 2676 453 2734 106
475 2675 674 2752 στεφανοῦσθε
687 2670 792 2754 βρύετε
812 2665 914 2755 βρύετε
931 2666 1052 2754 χλοήρει
1072 2671 1173 2750 μίλακι
1194 2672 1393 2759 καλλικάρπφς
1427 2677 1467 2739 ib.

153 2774 160 2798 ¹
222 2775 245 2816 ·’
278 2791 333 2852 177
348 2780 506 2854 στεφανοῦν
520 2797 547 2837 τε
561 2773 653 2855 κρᾶιο
668 2774 801 2849 κισσίνοις
810 2773 1005 2855 βλαστήμασι.
1031 2778 1072 2835 Et
1089 2786 1190 2835 exstat
1204 2777 1283 2835 inter
1297 2777 1468 2852 fragmenta
1539 2801 1540 2805 ¹

157 2874 235 2910 ³¹⁴*
263 2878 445 2963 ,Nicandrea
470 2879 595 2954 quidam
625 2897 729 2937 versus
761 2875 865 2954 (quern
893 2878 981 2936 affert
1003 2877 1170 2937 Schneider
1199 2879 1278 2936 inter
1298 2877 1467 2954 fragmenta

85 2988 88 2996 ’
114 3017 117 3026 .
165 2969 245 3072 iq...]
272 2981 406 3040 incertae
428 2981 512 3039 sedis
535 2999 564 3056 p.
584 2995 660 3054 2053
684 2981 739 3056 srg.
763 2975 847 3059 130):

232 3048 245 3110 i
513 3077 661 3159 βάκχοισιν
691 3077 820 3162 κεφαλὰς
845 3075 1031 3159 περιανθέσιν
1052 3075 1208 3156 ἐστέφοντο

273 3201 364 3260 quem
384 3185 445 3243 huc
467 3183 585 3259 trahere
608 3191 639 3240 et
662 3191 770 3259 quarto
792 3176 1011 3260 ἓτεροιονμένων
1040 3183 1114 3241 libro
1142 3199 1159 3237 e
1187 3199 1248 3256 quo
1271 3182 1382 3241 fabella
1405 3183 1468 3241 An-

273 3285 369 3343 tonini
390 3285 498 3344 hausta
519 3293 574 3360 est,
598 3284 754 3358 assignare
777 3283 861 3341 haud
877 3281 1097 3342 temerarium4
1118 3301 1187 3343 esse
1209 3284 1338 3343 videtur.
1369 3284 1467 3342 Lusus

272 3469 404 3544 Αὐτονόην
416 3468 499 3542 τούτῳ
512 3481 538 3525 et
548 3491 571 3528 v.
582 3486 614 3541 25
629 3491 706 3532 ουτος
718 3468 879 3540 ὁἙρωδιός;
892 3475 953 3526 vide
967 3477 1045 3526 etiam
1058 3492 1083 3542 p.
1097 3488 1158 3538 204,
1169 3476 1198 3536 8;
1212 3487 1272 3540 223,
1286 3487 1317 3539 17
1323 3492 1330 3535 ;
1348 3476 1408 3542 218,
1420 3488 1467 3540 13;

273 3575 333 3625 222,
347 3576 389 3614 22.
426 3565 520 3630 Itaque
540 3563 629 3613 scribo
647 3580 674 3628 p.
687 3575 748 3624 204,
764 3575 796 3627 17
815 3556 894 3635 ιαὺτη
913 3563 944 3634 τῇ
963 3557 1049 3616 πόλει.

318 3635 321 3642 ¹
370 3648 382 3687 ²
400 3653 503 3718 Nempe
521 3668 554 3702 ne
567 3651 722 3715 significatio
737 3651 842 3717 quidem
857 3653 931 3702 vocis
950 3651 1018 3702 ‘sibi
1036 3651 1182 3718 impertire’
1200 3652 1252 3702 huc
1269 3653 1336 3703 bene
1349 3653 1467 3718 quadrat.

372 3736 383 3774 ³
401 3741 494 3806 Itaque
506 3740 624 3791 Hercher
635 3739 736 3792 Achill.
754 3741 812 3791 Tat.
829 3741 850 3801 Ι,
868 3751 900 3805 55
921 3739 1025 3807 (Script.
1042 3749 1104 3793 erot.
1116 3741 1168 3793 vol.
1182 3742 1196 3790 I
1212 3757 1238 3807 p.
1254 3753 1297 3806 43,
1316 3733 1468 3808 13).’1no‘i·

273 3830 327 3882 λων
345 3822 374 3880 ui
395 3825 482 3898 φυτὸν
501 3821 723 3898 στεφανούμενος
743 3835 902 3879 structuram
921 3828 978 3879 sine
995 3831 1065 3881 iusta
1085 3845 1163 3879 causa
1182 3830 1326 3896 temptavit.

371 3912 384 3950 ⁴
401 3916 510 3980 Legitur
527 3933 617 3968 versus
637 3917 665 3966 in
683 3915 791 3967 scholiis
811 3917 845 3966 ad
863 3917 1000 3985 Aristoph.
1021 3935 1061 3984 eq.
1083 3919 1144 3983 408,
1163 3918 1211 3967 ubi
1233 3917 1298 3968 haec
1324 3919 1468 3984 praemissa

272 4011 346 4055 sunt:
366 3997 484 4072 βάκχος.
494 4043 500 4056 .
510 3995 660 4072 ,στεφάνης
673 4003 753 4070 εἶδος,
771 4001 807 4064 ὥς
816 4005 972 4074 Νίκανδρος
985 4006 1014 4058 ἐν
1026 4006 1064 4074 τῷ
1075 4007 1137 4072 περὶ
1147 4004 1201 4058 τῶν
1211 4005 1346 4074 γλωσσῶν
1356 4007 1466 4075 ἱστορεῖ.

271 4093 345 4157 Φησὶ
362 4087 415 4160 γὰρ
433 4085 517 4149 οὕτως
536 4090 666 4158 (sequitur
683 4109 774 4144 versus
794 4092 910 4161 allatus).
944 4095 1037 4161 Itaque
1048 4093 1193 4145 Schneider
1212 4093 1335 4145 ‘suumne
1352 4094 1467 4161 aliquem

272 4197 304 4232 an
326 4181 394 4230 alius
417 4186 511 4246 poetae
532 4197 635 4248 versum
656 4183 806 4248 apposuerit
822 4184 893 4250 Nic,
917 4184 1042 4234 incertum
1068 4171 1131 4236 est'.
1167 4183 1281 4234 Animus
1303 4183 1420 4243 meliust,
1439 4190 1468 4234 ut

272 4271 332 4320 Nic.
350 4269 433 4334 ipsius
451 4283 555 4318 versum
575 4269 683 4320 allatum
703 4286 762 4320 esse
781 4278 882 4337 putem:
906 4271 1028 4321 nimirum
1048 4275 1117 4342 φησὶ
1137 4273 1255 4322 additum
1273 4279 1321 4331 est,
1341 4272 1414 4336 quod
1433 4271 1467 4321 ab

272 4360 376 4425 ἱστορεῖ
397 4357 583 4407 secernendum
608 4363 654 4408 est.
692 4358 872 4424 Colophonius
896 4376 959 4410 vero
984 4377 1053 4410 raras
1074 4377 1153 4412 voces
1180 4375 1245 4427 quas
1269 4359 1297 4408 in
1320 4359 1467 4422 glossarum

271 4445 347 4496 libris
374 4445 523 4512 explicavit,
551 4446 608 4512 ipse
638 4447 665 4496 in
694 4447 854 4498 carminibus
881 4448 1016 4516 adhibuit;
1046 4449 1078 4498 ci.
1102 4449 1151 4512 irg.
1173 4449 1222 4498 126
1242 4454 1268 4498 et
1289 4459 1344 4511 143.
1380 4448 1467 4498 Recte

272 4540 359 4584 autem
382 4534 404 4584 si
427 4534 535 4594 conieci,
564 4535 625 4584 inde
650 4533 720 4583 effici
744 4541 832 4600 potest
855 4535 1002 4599 glossarum
1026 4537 1110 4589 libros
1139 4545 1201 4602 post
1223 4528 1412 4604 ἕτεροιούμενα
1441 4543 1468 4585 et

271 4617 407 4689 γεωργικὰ
425 4637 484 4671 esse
504 4621 624 4687 scriptos,
649 4621 677 4671 id
695 4623 767 4688 quod
787 4639 870 4673 rerum
894 4632 986 4674 natura
1011 4625 1076 4674 ferre
1095 4625 1206 4676 videtur.
1243 4625 1349 4674 Etenim
1367 4624 1466 4673 Nican-
