3292 5342
690 379 896 436 ,43-

191 547 295 603 πασῶν
320 564 404 625 φησιν
430 541 519 605 αὐτὸν
540 539 709 624 ἁρπαγῆναι
732 541 856 623 νυμφῶν
878 536 904 627 [ὃ
926 541 957 605 δὲ
979 537 1173 616 Ἀπολλώνιος
1194 533 1253 602 rimi
1272 547 1341 621 μιᾶς
1352 539 1387 620 l].

192 645 379 723 Conspiraut
401 648 490 725 igitur
522 647 702 706 scholiastae
730 648 761 704 in
789 647 888 723 operis
913 647 1077 706 Nicandrei
1105 645 1190 704 titulo
1221 653 1252 704 et
1278 645 1309 702 in
1331 639 1389 702 rel

193 744 281 825 (nam
302 749 397 806 etiam
418 749 591 806 Antoninus
613 767 643 824 p.
659 763 729 822 225,
749 763 785 824 19
808 749 848 805 ab
871 748 1012 806 omnibus
1033 747 1170 824 nymphis
1192 747 1300 822 Hylam
1321 763 1387 820 rap·

192 858 260 910 tum
280 867 351 908 esse
371 843 525 928 narravit),
556 850 731 926 discrepant
757 851 788 908 in
815 849 881 907 libri
902 829 1121 928 ἓτεροιουμὲνων
1142 864 1278 906 numero.
1321 844 1389 904 Utri

191 952 340 1010 maiorem
361 951 538 1010 habebimus
560 947 674 1010 fidem?
696 949 842 1008 Antonini
858 949 992 1008 editores
1008 949 1109 1008 adhuc
1120 947 1272 1024 Apollonii
1293 947 1388 1005 secuti

192 1061 266 1110 sunt
292 1052 503 1113 scholiastam:
534 1029 638 1110 nescio
663 1070 703 1109 an
731 1051 914 1110 contrarium
942 1052 1143 1108 statuendum
1168 1051 1214 1110 sit.
1259 1048 1321 1107 Sed
1348 1048 1388 1107 de

193 1153 241 1210 his
266 1152 357 1227 infra;
389 1171 471 1211 nunc
501 1155 628 1212 alterum
654 1137 896 1228 contemplemur
923 1153 1033 1222 locum,
1064 1153 1104 1211 de
1127 1169 1187 1227 quo
1208 1147 1387 1208 Knaaclrius

192 1256 210 1315 l.
235 1255 251 1314 l.
273 1273 303 1330 p.
322 1271 341 1328 4
365 1273 430 1330 sqq.
452 1272 515 1312 non
537 1262 621 1312 recte
645 1262 680 1311 ut
702 1253 820 1328 opinor,
843 1249 1020 1330 disputavit.
1065 1251 1212 1312 Antonini
1232 1249 1389 1309 historiola

192 1355 324 1432 septima
345 1355 464 1412 decima
486 1356 525 1412 de
547 1355 629 1430 gruis
649 1355 886 1430 metamorphosi
908 1355 1084 1413 testimonio
1114 1355 1175 1413 hoc
1197 1362 1305 1412 ornata
1327 1359 1386 1410 est:

192 1449 301 1532 ἱστορεῖ
325 1453 413 1526 Βοῖος
441 1451 641 1534 ὀρνιθογονίας
666 1443 705 1532 β’.
747 1455 886 1514 Eandem
917 1454 1059 1514 fabellam
1085 1456 1225 1514 eiusdem
1254 1453 1387 1512 auctoris

192 1557 302 1614 addito
324 1557 449 1614 nomine
471 1556 649 1615 Athenaeus
671 1556 714 1614 lX
736 1575 765 1631 p.
783 1571 841 1631 393
853 1575 880 1622 e,
901 1558 1014 1616 omisso
1037 1557 1161 1615 nomine
1180 1556 1323 1613 Aelianus
1347 1555 1387 1610 de

191 1667 255 1715 nat.
279 1677 328 1717 an.
352 1657 418 1730 XV,
446 1673 485 1732 29
509 1657 708 1734 protulerunt.
743 1657 919 1716 Muliercula
942 1676 1012 1717 vero
1035 1658 1189 1734 Pygmaea
1211 1657 1251 1713 de
1274 1655 1388 1730 quain

192 1759 296 1816 sabula
322 1757 457 1829 refertur,
484 1757 640 1816 Antonino
667 1758 777 1816 Oenoa
798 1760 894 1836 audit,
924 1759 1085 1818 Athenaeo
1116 1766 1147 1816 et
1170 1758 1299 1815 Aeliano
1324 1754 1388 1812 Ge-

191 1877 276 1918 rana.
311 1857 475 1930 Quaeritur
497 1875 578 1932 ergo,
603 1867 703 1916 utrum
724 1877 838 1916 nomen
858 1859 960 1918 Boeus
983 1859 1176 1935 usurpaverit.
1211 1855 1387 1916 Knaackius

192 1963 237 2019 ita
260 1970 489 2036 argumentatus
512 1971 574 2020 est:
596 1958 785 2022 ‘Athenaeus
808 1965 963 2022 Geranam
983 1965 1097 2023 diserte
1119 1980 1156 2020 ex
1179 1960 1265 2017 Boeo
1289 1957 1387 2027 affert,

191 2062 391 2136 interpolator
412 2064 559 2122 Antonini
581 2065 679 2123 solum
701 2073 830 2124 testatur
850 2065 943 2123 fuisse
966 2065 1098 2123 fabulam
1119 2061 1306 2120 insecundo
1330 2057 1386 2116 Or·

191 2163 394 2236 nithogoniae
416 2164 500 2224 libro,
535 2173 675 2240 apertum
697 2175 744 2224 est
766 2166 861 2224 virum
882 2167 1016 2243 doctum,
1040 2183 1108 2222 cum
1122 2161 1269 2221 Antonini
1294 2165 1387 2234 caput

193 2263 321 2338 legeret,
345 2283 383 2322 ex
406 2265 510 2324 nescio
533 2283 594 2342 quo
611 2267 685 2324 libro
701 2267 732 2324 in
748 2268 885 2342 margine
901 2268 1075 2338 adnotasse,
1092 2265 1175 2322 unde
1190 2263 1244 2322 sihi
1260 2259 1387 2334 scriptor

192 2365 335 2423 hausisse
358 2366 519 2436 videretur,
542 2385 678 2425 securum
702 2369 742 2424 de
766 2385 837 2425 vero
859 2369 982 2426 nomine
1002 2367 1084 2442 apud
1107 2373 1231 2442 poetam
1252 2361 1352 2436 ipsum
1364 2354 1386 2415 ³.

193 2510 201 2526 .
216 2509 223 2525 .
237 2513 243 2526 .
257 2473 319 2523 stat
333 2466 423 2542 igitur
436 2469 643 2544 gravissimum
654 2469 803 2528 Athenaei
820 2465 1037 2528 testimonium'
1062 2490 1088 2530 e.
1101 2487 1128 2544 q.
1142 2487 1166 2530 s.
1198 2468 1387 2540 Quibuscum

193 2567 364 2641 coniungas
387 2587 466 2644 quae
487 2569 570 2626 idem
593 2578 684 2628 antea
707 2570 796 2627 dixit:
823 2564 936 2628 ‘Vides
958 2571 1014 2629 has
1036 2579 1096 2629 tres
1119 2566 1174 2647 (sc,
1197 2570 1387 2627 narrationes

194 2667 359 2745 Athenaei,
381 2669 508 2744 Aeliani,
532 2668 693 2747 Antonini)
716 2672 759 2730 ita
781 2690 850 2731 esse
873 2681 1080 2750 comparataS,¹
1096 2680 1129 2730 ut
1151 2671 1326 2728 necessario
1349 2689 1387 2727 ex

193 2771 347 2830 communi
383 2771 468 2830 fonte
500 2771 647 2834 fluxerint.
688 2775 772 2851 quod
804 2775 949 2850 imprimis
982 2775 1022 2832 de
1049 2773 1178 2832 Aeliano
1208 2773 1386 2849 ceteroquin

192 2872 352 2931 notissimo
382 2873 532 2932 Athenaei
559 2875 756 2951 compilatore
780 2873 816 2954 (Ρ)
839 2894 960 2936 moneo,
998 2876 1049 2952 qui
1072 2875 1141 2933 lons
1163 2875 1262 2950 qualis
1286 2873 1384 2943 luerit,

193 2973 310 3032 altioris
337 2987 385 3033 est
410 2973 575 3053 indaginis'
606 2996 632 3035 e.
657 2995 684 3052 q.
709 2997 732 3035 e.
776 2978 927 3052 Equidem
950 2979 990 3037 de
1013 2977 1165 3036 Athenaei
1187 2973 1386 3036 testimonio4

191 3075 283 3150 plane
305 3076 392 3134 aliter
413 3078 511 3135 sentio
536 3095 635 3156 neque
657 3078 743 3136 flocci
764 3079 797 3135 id
817 3077 906 3138 facio.
949 3079 1096 3136 Nimirum
1118 3079 1194 3137 Boei
1216 3079 1382 3136 narratiun-

193 3176 263 3234 cula
290 3185 353 3234 tam
378 3178 470 3235 foede
500 3188 660 3238 contracta
681 3187 713 3238 et
735 3189 879 3256 excerpta
901 3179 1050 3238 invenitur
1073 3180 1158 3256 apud
1180 3179 1384 3246 Athenaeum,

192 3285 228 3333 ut
249 3297 267 3334 e
290 3279 493 3354 compilatoris
510 3281 668 3338 cuiusdam
685 3279 759 3337 libro
782 3281 881 3338 obiter
902 3280 1039 3357 inspecto
1055 3299 1126 3340 eam
1144 3289 1295 3356 arreptam
1319 3298 1385 3338 esse

192 3379 233 3435 ab
255 3377 315 3436 hoc
336 3379 530 3440 manifestum
554 3381 592 3439 sit
604 3378 624 3442 ⁵.
653 3381 737 3454 Quid
750 3368 844 3458 ¹quod
868 3381 998 3441 fabellae
1021 3389 1174 3440 extremae
1197 3380 1387 3456 agglutinata

294 3550 506 3606 ¹Eruditionem
544 3556 616 3606 haud
644 3556 804 3607 mediocrem
840 3558 869 3607 in
894 3556 998 3607 scholio
1026 3556 1269 3622 animadvertimus3
1297 3557 1386 3622 itaque

194 3641 368 3694 Schwartzius
379 3643 432 3708 (‘de
444 3643 573 3712 Dionysio
582 3645 815 3712 Scytobrachione‘
826 3647 886 3698 diss.
901 3649 986 3698 Bonn.
1002 3646 1069 3696 1880
1080 3663 1105 3712 p.
1117 3657 1147 3708 31
1163 3661 1222 3695 ann.
1236 3641 1261 3712 Ι)
1272 3661 1321 3695 suo
1332 3646 1387 3696 iure

194 3733 452 3799 eScytobrachionis
474 3734 597 3786 thesauro
617 3735 737 3786 haustum
756 3752 814 3786 esse
834 3736 979 3786 contendit.
1016 3735 1137 3785 Cetemm
1157 3735 1272 3785 diversas
1291 3733 1386 3798 aspicis

193 3837 285 3871 manus
299 3830 538 3875 commentatorum.
562 3826 639 3874 Unus
652 3825 675 3874 si
689 3823 837 3890 scripsisset
849 3823 987 3890 scholium,
1000 3824 1162 3874 Nicandrum
1177 3830 1204 3873 et
1216 3822 1386 3872 Theocritum

193 3924 248 3958 non
265 3909 443 3960 disiunxisset.
462 3912 587 3962 Extrema
600 3920 685 3962 autem
698 3913 779 3962 verba
794 3912 898 3972 seclusi,
918 3913 1083 3962 manifestum
1103 3913 1172 3961 euim
1192 3918 1232 3961 est
1250 3927 1281 3960 ea
1299 3927 1386 3960 recen-

194 3996 294 4047 tissimo
305 4005 394 4048 assuta
405 4015 462 4050 esse
474 4007 590 4066 tempore
603 4003 636 4050 ad
649 4002 777 4064 genuinas
790 4008 949 4052 vetustorum
960 4001 1185 4064 grammaticorum
1195 4000 1385 4050 annotationes.

291 4081 345 4136 2Ε
365 4086 468 4137 scholio
487 4088 644 4139 Theocriteo
664 4091 743 4150 XIII,
764 4102 779 4154 7
804 4096 893 4156 utpote
918 4097 1040 4156 corrupto
1059 4105 1151 4140 vereor
1177 4104 1210 4138 ne
1237 4087 1301 4137 nihil
1324 4103 1385 4137 con-

195 4171 301 4223 cludere
319 4174 407 4234 liceat,
431 4191 492 4226 vere
518 4177 540 4226 si
559 4178 672 4237 correxit
690 4177 919 4230 Hemsterhusius:
946 4169 1124 4234 Ἀπολλώνιος
1145 4173 1160 4228 ὁ
1184 4170 1288 4233 Ῥόδιος
1313 4177 1386 4228 Θειο·

195 4251 340 4328 dinume,
358 4262 512 4332 Νίκανδρος
530 4263 561 4316 δὲ
582 4258 689 4329 Kithos
714 4265 761 4332 (sc.
780 4262 828 4319 τὸν
840 4259 931 4320 Ὕλαν
950 4264 1035 4317 παῖδα
1054 4268 1186 4332 γενέσθαι
1208 4264 1299 4334 λέγει),
1324 4281 1384 4316 con·

196 4349 275 4414 spirat
292 4350 445 4401 Antoninus
462 4367 488 4417 p.
509 4365 569 4418 225,
591 4366 631 4418 13.

293 4434 305 4472 Β
323 4441 363 4490 De
382 4440 439 4489 istis
459 4457 526 4506 quae
544 4442 587 4492 hic
605 4444 675 4508 apud
693 4443 864 4493 Kuaackium
886 4443 1057 4504 intercedunt,
1074 4443 1141 4493 inira
1160 4444 1239 4494 verba
1257 4444 1357 4496 faciam.

291 4521 305 4560 4
321 4527 451 4578 Aelianus
469 4529 538 4578 enim
557 4530 585 4579 in
603 4546 709 4580 censum
729 4547 783 4580 non
799 4533 878 4582 venit.

293 4611 305 4648 ⁵
323 4616 403 4680 Quem
421 4618 588 4684 exscripserit
596 4618 760 4679 Athenaeus,
779 4627 872 4686 postea
890 4620 1069 4671 demonstrare
1088 4623 1262 4682 studebimus,
1282 4621 1329 4671 ubi
1352 4621 1384 4672 de

192 4703 275 4768 ipsius
292 4707 423 4755 Antonini
441 4706 558 4756 sontibus
578 4707 746 4760 disseremus.
