3292 5342
181 769 188 865 l

752 341 960 418 “4⁶-

258 549 311 592 cur
325 529 455 590 omissus
476 529 515 588 sit
537 537 568 588 et
590 527 689 588 omitti
710 525 851 604 potuerit,
876 527 940 585 luce
963 533 996 582 ut
1018 525 1135 601 opinor,
1152 526 1259 584 clarius
1282 535 1338 588 est.
1366 525 1458 585 Hau·

259 633 297 692 sit
320 623 508 690 scholiasta¹
530 647 568 686 ex
590 629 750 712 notissimo
768 627 923 702 scrIptoris
939 643 1036 702 quem
1058 627 1231 684 testabatur
1243 645 1346 704 opere,
1369 628 1457 703 quod

231 733 437 810 ‘aequalibus
458 731 503 790 ita
525 727 628 790 tritu'm
649 738 681 786 et
702 728 911 804 pervulgatum
937 736 1011 802 erat,
1032 736 1066 784 ut
1087 720 1124 798 ὥς
1146 745 1219 805 φησι
1241 725 1402 807 Πάμφιλος
1421 724 1459 786 ἐν

186 868 188 887 .
258 827 287 890 α’
303 833 328 892 si
342 834 440 898 daret.
461 834 503 891 de
518 832 660 890 librorum
683 829 881 904 inscriptione
903 829 1055 886 neminem
1071 827 1136 885 fore
1152 827 1202 903 qui
1224 829 1400 902 ambigeret,
1425 829 1457 886 ei

259 934 446 1010 exploratum
477 941 569 993 esset.
613 929 693 989 Num
720 929 804 987 cadit
830 929 909 988 haec
938 928 1016 988 ratio
1044 929 1074 986 in
1096 928 1245 1004 Pamphili
1267 931 1307 987 de
1328 925 1456 988 herbis1

259 1031 370 1093 libros?

357 1134 615 1194 Proficiscendum
651 1140 698 1191 est
726 1149 744 1191 a
773 1130 886 1190 Suidae
908 1131 1014 1189 tabula
1037 1129 1273 1206 Pamphiliorum
1302 1131 1456 1202 librorum,

258 1254 350 1314 quam
370 1237 458 1294 nimis
486 1253 563 1294 sane
593 1241 782 1292 contractam
810 1249 878 1291 esse
903 1231 1088 1308 permoleste
1116 1232 1246 1292 ferimus,
1290 1231 1389 1290 Primo
1412 1233 1456 1289 ibi

258 1338 326 1396 loco
345 1336 493 1412 Pamphili
516 1336 682 1394 afferuntur
703 1328 892 1410 libtilapnlv
913 1333 1056 1408 inscripti,
1077 1333 1186 1408 quibus
1210 1335 1293 1392 varia
1316 1351 1455 1409 compre-

257 1437 354 1496 hensa
376 1436 468 1494 fuisse
491 1441 655 1496 annotatur
666 1431 686 1494 ³.
720 1421 879 1510 Atquffnt
900 1435 1000 1492 dicam
1023 1435 1109 1508 quod
1131 1433 1240 1504 sentio,
1262 1435 1399 1510 quamvis
1421 1435 1455 1491 in

257 1557 340 1596 mera
357 1557 406 1596 me
422 1537 477 1596 niti
494 1537 670 1594 coniectura
684 1537 780 1612 probe
795 1536 899 1602 sciam.
916 1554 955 1592 ex
970 1543 1057 1611 prato
1071 1533 1220 1610 Pamphili
1235 1543 1267 1594 et
1288 1535 1456 1608 scholiasta

188 1659 193 1691 x
219 1660 222 1666 ·
259 1648 365 1698 noster
386 1647 417 1698 et
437 1633 641 1698 Athenaeus4
663 1647 694 1695 et
715 1637 823 1696 nescio
846 1629 1456 1714 quifrecentloririffmythographorum

196 1795 199 1803 .
257 1736 339 1814 ξένος
368 1738 416 1799 καὶ
447 1735 597 1816 ἀτρίπτους
621 1738 790 1797 hauserunt
815 1731 941 1814 ἱστορίας
965 1737 1160 1813 maximeque
1189 1739 1457 1813 metamorphoses

258 1859 338 1918 quae
364 1842 405 1899 ad
437 1849 536 1899 certas
563 1840 757 1916 pertinebant
784 1839 925 1914 regiones
948 1847 980 1896 et
1004 1839 1105 1906 urbeS,
1138 1838 1179 1896 ad
1201 1837 1342 1897 instituta
1357 1843 1454 1898 'sacra

258 1943 410 2018 ludosque
431 1943 569 2015 deorum,
592 1942 633 2000 ad
655 1939 780 1998 nomina
803 1941 957 1998 intellectu
980 1939 1113 1998 difficilia
1135 1940 1290 2009 montium,
1313 1940 1453 2007 fontium,

258 2044 378 2102 lacuum
405 2042 556 2102 similium.
599 2039 694 2114 Quod
721 2041 764 2098 ita
793 2058 810 2096 a
841 2039 999 2116 Pamphilo
1025 2049 1060 2098 ut
1086 2037 1313 2114 grammatico5
1341 2041 1456 2099 lactum
1505 2031 1509 2038 ¹

258 2161 326 2203 esse
341 2143 497 2212 sumImuS,
514 2149 547 2199 nt
559 2141 745 2216 singulonrm
760 2141 939 2217 scriptorum
952 2141 1126 2200 testimonia
1141 2141 1304 2216 diligenter
1317 2159 1454 2217 appone-

259 2253 312 2308 ret.
357 2244 464 2320 Neque
485 2243 594 2302 iniuria
615 2260 688 2317 ergo
711 2243 751 2301 ab
762 2241 914 2301 Urlichsio
939 2242 955 2302 l.
971 2260 997 2304 c.
1042 2233 1183 2300 Favorini
1205 2238 1376 2321 παντοδαπὴ
1399 2237 1457 2320 ὕλη

259 2353 437 2424 comparata
459 2353 516 2415 est,
539 2345 570 2402 in
592 2361 653 2422 qua
675 2344 795 2402 luerunt
817 2353 852 2402 ut
868 2343 966 2402 Photii
981 2353 1050 2402 utar
1064 2344 1162 2402 verbis
1178 2339 1199 2418 ⁶,
1223 2338 1360 2422 διάφοροι
1377 2337 1455 2402 ἱστο-

193 2487 195 2492 ·
258 2444 319 2525 plor
343 2445 393 2507 καὶ
417 2449 473 2505 τῶν
498 2441 570 2504 κατὰ
590 2436 625 2503 τοὶ
651 2440 780 2522 ὀνόματα
801 2439 913 2504 θέσεων
934 2439 1126 2524 alnotoylatt
1147 2442 1197 2504 καῖ
1218 2447 1334 2504 τοιαῦτα
1364 2439 1456 2520 impe.

356 2547 425 2606 Hac
458 2547 588 2623 probata
614 2547 790 2605 coniectura
819 2563 910 2623 quam
937 2546 1114 2605 firmioribus
1142 2545 1229 2604 velim
1259 2545 1309 2603 alii
1331 2545 1457 2603 fulciant

259 2648 444 2722 argumentis
473 2655 505 2706 et
530 2647 754 2725 constabiliant,
785 2646 944 2723 Pamphilii
971 2647 1072 2723 operis
1100 2647 1186 2722 quod
1214 2645 1322 2704 crassis
1351 2644 1454 2703 adhuc

359 2823 370 2861 ¹
388 2829 481 2892 Itaque
496 2826 640 2892 Phylarchi
658 2826 780 2878 historias
799 2825 987 2890 intellegemus
1001 2825 1076 2875 libris
1095 2825 1188 2888 viginti
1206 2832 1266 2876 octo
1284 2827 1455 2894 compositas.

259 2915 382 2966 Dubitari
394 2922 482 2982 potest
501 2917 534 2966 de
547 2916 679 2968 Neanthe,
716 2915 816 2966 Miiller
834 2917 865 2967 F.
878 2917 913 2968 H.
928 2915 960 2967 G.
974 2917 1016 2964 III
1035 2927 1086 2980 p.2
1106 2915 1241 2966 Parthenii
1259 2915 1313 2968 fab.
1328 2928 1361 2980 33
1375 2916 1455 2966 libris

259 3003 313 3056 τῶν
331 2998 398 3054 κατὰ
417 2997 498 3058 πόλιν
515 3003 642 3072 μυθικῶν
661 3004 787 3056 attribuit.
817 3004 894 3070 Quod
914 3020 974 3056 num
994 3011 1065 3053 recte
1083 3003 1179 3054 sactum
1199 3004 1233 3053 sit
1251 3003 1354 3056 dubito.

358 3084 466 3144 ²''Eorr
485 3089 518 3142 δὲ
537 3093 667 3145 ποικίλων
686 3086 813 3162 περιοχὴ;
837 3077 871 3146 cf.
898 3093 1147 3144 commentationem
1168 3092 1295 3144 Urlichsii
1322 3093 1350 3144 in
1368 3094 1456 3146 Musei

260 3179 385 3230 Rhenani
402 3195 463 3234 nov.
482 3195 531 3232 ser.
551 3179 602 3232 vol.
622 3182 694 3232 XVI
714 3197 739 3247 p.
758 3193 810 3247 254
829 3198 868 3247 sq.

359 3264 371 3304 3
389 3269 442 3336 Qui
461 3285 615 3336 quamquam
635 3269 731 3320 Galeni
750 3276 835 3320 aetate
856 3269 953 3320 affatim
972 3269 1155 3329 volvebantur,
1173 3277 1259 3320 tamen
1282 3286 1298 3320 a
1316 3269 1397 3320 Suida
1421 3286 1456 3322 ne

260 3364 499 3408 commemorantur
518 3358 631 3424 quidem,
651 3357 697 3426 qui
715 3364 819 3424 praeter
837 3356 982 3422 glossarum
1001 3358 1087 3408 libros
1106 3358 1245 3425 Pamphilo
1265 3358 1357 3408 tribuit
1375 3359 1455 3410 haec:

261 3447 298 3503 alc
320 3440 352 3498 τὰ
369 3438 526 3512 Νικάνδρου
543 3439 702 3514 ἆνεξήγητο,
727 3443 823 3498 καὶτὰ
843 3439 997 3518 καλούμενα
1014 3440 1117 3508 Ὀπικοὶ,
1140 3449 1239 3518 τέχνην
1257 3440 1385 3516 κριτικήν,
1409 3449 1456 3498 καὶ

259 3527 326 3585 itta
345 3535 458 3585 πλεῖστα
476 3527 662 3603 γραμματικά.

358 3617 371 3656 ⁴
395 3621 624 3682 Wilamowitzius‚
650 3623 668 3676 l.
687 3623 704 3676 l.
728 3625 940 3676 commonstravit
965 3624 1049 3676 viam:
1087 3620 1170 3676 ‘Dass
1196 3623 1350 3690 Pamphilos
1378 3625 1456 3675 iiber-

260 3709 342 3777 haupt
363 3710 456 3762 solche
475 3711 670 3783 Sagenquellen
688 3713 845 3775 gesammelt
870 3713 923 3773 hat,
948 3713 984 3764 ist
1007 3713 1035 3778 ja
1057 3729 1109 3762 von
1128 3727 1248 3776 grossem
1264 3712 1365 3775 Belang
1383 3729 1405 3765 z.
1423 3715 1455 3766 B.

261 3798 303 3848 sur
322 3799 365 3850 die
384 3798 573 3862 Beurtheilung
593 3799 642 3849 der
660 3784 818 3863 entlegenen
832 3801 1012 3852 Poetencitate
1031 3800 1076 3850 bei
1090 3793 1265 3852 Athenaeus’.
1291 3801 1387 3850 Habeo
1409 3801 1457 3852 mi·

261 3903 318 3937 rum
340 3903 417 3952 quam
437 3895 526 3954 aptum
545 3888 695 3954 exemplum
714 3889 742 3938 in
761 3896 892 3955 promptu.
929 3889 1044 3940 Evolvas
1064 3888 1164 3940 Athen.
1183 3890 1264 3948 XIII,
1285 3900 1334 3954 573
1348 3889 1381 3955 E,
1407 3889 1456 3939 ubi

177 4021 181 4029 .
262 3976 296 4026 de
314 3976 425 4026 Veneris
446 3976 507 4026 sano
526 3977 641 4041 quodam
661 3975 768 4027 condito
792 3977 862 4042 apud
880 3976 1028 4042 Abydenos
1054 3975 1141 4026 labala
1166 3977 1290 4026 amatoria
1309 3992 1360 4042 ope
1379 3979 1456 4027 Pam·

197 4137 200 4141 ι
260 4062 329 4130 phili
348 4079 379 4114 ex
396 4063 491 4114 eodem
511 4073 614 4131 sumpta
632 4071 672 4116 est
686 4065 817 4126 Neanthe,
839 4065 912 4116 cuius
927 4065 1079 4116 memoriam
1092 4064 1234 4130 Pamphilo
1253 4055 1382 4116 litterator
1393 4067 1455 4115 Par·
1551 4085 1554 4088 ·

261 4149 400 4204 theniarius
413 4150 473 4220 (fab.
488 4151 533 4220 33)
546 4153 647 4205 debuit.
667 4154 810 4220 Apponam
823 4153 942 4204 initium:
956 4145 1058 4220 πόρνης
1076 4150 1108 4204 δὲ
1119 4147 1290 4222 ’Λφροδίτης
1310 4146 1385 4220 ἱερόν
1397 4152 1453 4205 ἐστι

261 4236 336 4307 παρὰ
353 4236 525 4306 Ἀβυδηνοῖς,
550 4236 585 4298 ὥς
603 4256 674 4310 φησι
692 4233 851 4310 Πάμφιλος,
870 4241 1055 4310 κατεχομένης
1074 4235 1128 4308 γὰρ
1150 4239 1198 4304 τῆς
1221 4234 1328 4297 πόλεως
1346 4239 1455 4310 δουλείᾳ

261 4322 322 4384 τοὺς
340 4322 475 4397 φρουροὺς
492 4324 553 4386 τοὺς
575 4327 605 4381 ἓν
624 4322 689 4400 αὐτῇ
709 4321 854 4389 θύσαντας,
880 4325 917 4386 ὠς
934 4329 1039 4398 ἱστορεῖ
1053 4322 1181 4393 Νεάνθης
1200 4326 1283 4395 (recte
1302 4343 1334 4378 ex
1355 4321 1454 4381 Κλεάν·

262 4418 313 4479 θης
331 4415 408 4481 corr.)
428 4413 458 4467 ἒν
475 4419 531 4473 τοῖς
548 4420 689 4472 Μυθικοῖς
707 4415 761 4468 κτλ.

360 4499 372 4536 ⁵
389 4501 429 4556 Cs.
443 4503 560 4570 Hesych.
575 4504 617 4558 ed.
627 4505 712 4558 Maur.
722 4503 847 4557 Schmidt.
867 4520 892 4569 p.
900 4504 1085 4572 CLXXXVI,
1099 4511 1125 4554 et
1138 4520 1215 4569 supra
1227 4520 1253 4570 p.
1266 4515 1298 4568 45
1314 4521 1372 4558 ann.
1388 4518 1415 4556 2.
1427 4519 1453 4568 4.

362 4587 481 4642 ⁰Ph0tii
499 4591 625 4646 biblioth.
645 4593 702 4646 cod.
728 4593 773 4642 161
795 4608 820 4658 p.
844 4604 903 4661 103,
929 4605 938 4642 1
962 4594 1004 4646 ed.
1022 4593 1136 4644 Bekker.

363 4675 431 4734 lCI.
451 4681 581 4732 Antonini
602 4680 673 4733 sabb.
697 4693 734 4741 12,
758 4694 797 4744 13,
817 4693 859 4745 30,
880 4693 922 4744 31,
942 4693 974 4746 35
995 4681 1068 4734 alias
