3292 5342
748 351 950 408 „24-

249 518 355 601 χρόνον
374 517 421 582 τὸν
442 508 611 598 imi-penos
632 519 781 580 Muncirer
802 519 994 597 participium
1013 519 1159 596 temporis
1174 519 1344 596 praesentis
1359 536 1451 594 repo·

253 623 321 685 suit.
365 623 460 696 Quod
482 631 516 682 ut
537 622 652 698 optime
675 620 790 680 factum
815 629 873 692 est,
902 621 944 679 ita
966 622 1060 680 etiam
1082 621 1241 680 articulum
1266 620 1372 678 melius
1393 620 1451 676 ad·

254 725 424 800 iungemus.

136 829 233 892 sabao
350 844 380 901 p.
399 839 468 900 227,
488 823 526 882 26
562 841 618 900 pro
646 816 679 879 ai
705 817 744 899 δὴ
766 820 884 899 Μοῖραι
911 823 1012 882 malim
1038 817 1071 880 αἱ
1103 818 1134 882 δὲ
1158 821 1285 900 Μοῖραι,
1316 819 1350 902 δὴ
1378 841 1450 880 vero

253 925 402 1002 particula
434 946 453 982 e
484 925 693 1002 praecedente
727 924 938 982 enuntiatione
973 924 1033 981 huc
1065 924 1181 982 intrusa
1213 942 1284 983 esse
1320 925 1447 983 videtur.

254 1026 357 1084 Verba
379 1025 461 1084 enim
483 1043 563 1102 quae
586 1032 739 1102 secuntur,
770 1023 918 1100 prioribus
941 1025 1172 1100 quodammodo
1195 1026 1348 1086 contraria
1369 1033 1447 1093 sunt,

127 1167 130 1179 .
167 1122 185 1207 ’,
255 1128 369 1186 deinde
391 1123 429 1204 όν)
452 1125 577 1193 omnino
599 1125 783 1184 rarissimum
805 1126 890 1202 apud
912 1125 1084 1184 Liberalem
1104 1127 1271 1186 invenitur:
1296 1147 1324 1204 p.
1342 1141 1449 1205 210‚5

104 1216 107 1226 ⁴
162 1214 166 1222 ⁸
255 1236 327 1286 ante
348 1230 437 1286 ταῦτα
460 1229 642 1286 collocatum
664 1235 696 1286 et
718 1245 747 1301 p.
769 1241 839 1300 224,
858 1241 896 1299 24
918 1245 974 1301 per
995 1223 1027 1286 δὲ
1048 1227 1165 1287 fultum.

353 1345 383 1404 p,
401 1327 503 1402 228‚3
529 1323 584 1403 api
601 1320 779 1404 Ἡρακλέους
797 1320 899 1404 ἑορτῆς
922 1321 999 1403 (erat
1019 1321 1109 1410 ἑορτῇ,
1134 1330 1221 1404 quod
1241 1329 1364 1388 Bestius
1387 1346 1450 1386 cor·

255 1425 342 1504 rexit)
358 1423 463 1489 θύουσι
481 1425 510 1485 Γ
506 1422 653 1486 unverida
668 1421 773 1510 πρώτῃ.
800 1423 992 1486 Schneider¹
1015 1422 1079 1512 αρῴ
1100 1423 1275 1507 Ἡρακλέους
1295 1423 1377 1513 ἑορτῇ
1391 1428 1450 1489 κτλ.

255 1531 383 1606 scripsit.
427 1529 507 1588 Nam
532 1538 565 1587 ut
586 1528 680 1604 ipsius
703 1539 772 1586 utar
793 1529 902 1605 verbis,
927 1516 1167 1588 ‘Westermanni
1190 1531 1280 1588 lectio
1304 1530 1374 1588 ferri
1397 1549 1453 1587 ne·

256 1629 328 1705 quit,
351 1629 407 1688 nisi
429 1629 514 1688 simui
537 1623 633 1712 πρώτῃ
656 1628 761 1688 deleas
780 1646 840 1704 quo
852 1629 977 1688 Herculi
999 1631 1138 1688 secundo
1161 1639 1233 1690 ante
1248 1630 1387 1690 Herculis
1408 1631 1452 1689 fe-

255 1740 336 1789 stum
358 1731 441 1788 diem
465 1747 551 1789 sacra
576 1747 646 1788 esse
670 1729 751 1788 facta
773 1738 855 1788 tecte
879 1719 1116 1804 significaretur}
1161 1731 1201 1788 At
1229 1731 1304 1806 quid
1327 1733 1453 1789 tandem

254 1831 366 1900 obstat,
389 1831 551 1907 quominus
572 1839 645 1888 ante
669 1829 781 1889 festum
802 1840 923 1906 praeter
938 1831 1170 1889 Galinthiadem
1188 1831 1281 1889 etiam
1303 1832 1365 1890 aliis
1387 1833 1454 1908 qui-

254 1933 380 1990 buscum
409 1931 556 1990 Hercules
583 1931 685 2008 aliquo
712 1933 806 1988 modo
835 1931 1016 1990 coniunctus
1050 1940 1129 1998 erat,
1163 1932 1335 2002 Alcmenae,
1367 1932 1453 1990 lolao

255 2033 423 2092 Thebanos
446 2050 533 2090 sacra
555 2031 663 2090 fecisse
685 2028 875 2092 statuamus?
913 2031 958 2094 Cf.
972 2032 1048 2091 Plut.
1072 2033 1122 2095 vit.
1146 2031 1238 2093 Thes.
1260 2051 1327 2108 cap.
1351 2049 1370 2106 4
1389 2051 1452 2109 τρε-

255 2127 383 2213 φάμενον
408 2129 440 2192 δὲ
467 2128 525 2193 ὑπὸ
552 2136 604 2192 τοῦ
625 2126 760 2204 Πιτθέως
788 2124 935 2209 ἐπιστάτην
961 2123 1035 2208 ἔχειν
1062 2131 1112 2192 καὶ
1142 2130 1327 2212 παιδαγωγὸν
1358 2128 1452 2210 ὄνομα

256 2228 414 2306 Κοννίδαν,
437 2215 460 2318 ᾦ
481 2228 565 2312 μέχρι
590 2236 641 2291 νῦν
651 2218 806 2312 Ἀθηναῖοι
819 2229 876 2314 μία
891 2227 1026 2311 πρότερον
1042 2227 1138 2316 ἡμέρᾳ
1159 2238 1215 2294 τῶν
1228 2230 1358 2312 Θησείων
1372 2230 1453 2312 κριὸν

255 2329 414 2412 ἐναγίζουσι
435 2335 493 2396 κτλ.
519 2334 565 2394 Cf.
587 2335 681 2392 etiam
698 2333 807 2392 Prelier
821 2333 1139 2410 Griech.Mythologie
1160 2332 1204 2392 llB
1224 2355 1253 2411 p.
1270 2335 1327 2409 184
1348 2353 1417 2394 ann.
1434 2351 1446 2391 1

257 2445 287 2495 et
299 2437 446 2495 Antonini
467 2456 496 2522 p.
509 2452 579 2512 205,
594 2453 628 2495 21
647 2433 803 2513 Κραγαλεῖ
820 2432 853 2494 δὲ
865 2431 938 2511 μετὰ
959 2431 1013 2514 τὴν
1029 2429 1132 2515 ἑορτὴν
1145 2425 1323 2515 Ἡρακλέους
1342 2429 1450 2510 ἔντομα

257 2533 380 2598 θύουσιν
401 2535 466 2618 ἄχρι
487 2542 547 2596 νῦν.

142 2643 193 2694 fab.
204 2653 238 2705 30
273 2703 275 2708 ,
356 2658 385 2716 p.
404 2639 473 2710 228,
495 2639 588 2714 16sq.
609 2637 640 2696 in
664 2637 772 2696 codice
795 2637 892 2696 haece
914 2635 1080 2714 legimus2:

437 2739 488 2800 καὶ
508 2733 636 2819 ἐγένοντο
658 2734 773 2814 δίδυμοι
795 2736 894 2810 παῖδες
914 2734 1001 2824 αὐτῷ,
1022 2742 1128 2811 καῦνος

439 2839 488 2900 καὶ
508 2836 624 2918 βαβαῖ
648 2826 700 2919 ἀφ’
724 2821 762 2898 οὗ
781 2833 859 2912 πόλις
878 2835 953 2900 ἐστίν
975 2833 1014 2900 ἕττ
1036 2845 1088 2901 νῦν
1108 2838 1142 2901 ἐν
1162 2835 1275 2924 καρίαι,

438 2945 543 3013 καῦνος
561 2938 611 3000 καὶ
632 2937 758 3017 pirmini
779 2942 837 3003 κτλ.

257 3049 283 3106 Ε
306 3045 415 3122 quibus
436 3043 594 3120 quomodo
617 3042 768 3102 emblema
790 3042 951 3122 irrepserit,
974 3045 1121 3118 cognosci
1142 3052 1256 3120 potest.
1278 3044 1452 3101 Antoninus

257 3147 343 3206 dedit
374 3144 423 3204 καὶ
449 3137 577 3224 ἐγένοντο
610 3138 724 3219 δίδυμοι
751 3139 850 3214 παῖδες
878 3140 959 3228 αὐτῷ
987 3143 1094 3216 ααῦνος
1121 3144 1171 3204 καὶ
1196 3140 1305 3222 βαβλίς,
1339 3145 1454 3202 deinde

256 3248 423 3307 scholiasta
440 3246 481 3304 ad
502 3244 670 3320 marginem
688 3245 729 3301 de
750 3243 858 3303 Cauno
874 3246 959 3321 quod
975 3247 1166 3321 exploratum
1179 3247 1325 3312 habebat,
1341 3245 1454 3320 ascrip-

256 3350 306 3410 sit:
339 3344 392 3426 ἀφ’
419 3329 456 3405 οὗ
480 3340 560 3416 πόλις
584 3342 660 3405 ἐστὶν
687 3337 726 3404 ἔτι
755 3347 806 3404 νῦν
833 3341 865 3404 ἕν
892 3341 981 3428 nepio
1001 3349 1115 3418 καῦνος.
1159 3347 1302 3424 Denique
1323 3349 1401 3405 haec
1422 3347 1455 3403 in

257 3457 435 3509 contextum
456 3454 654 3524 praepostere
675 3453 745 3522 post
765 3443 867 3523 βαβλὶς
879 3446 996 3506 intrusa
1017 3466 1072 3524 per
1088 3467 1213 3524 pravam
1229 3449 1455 3507 distinctionem

256 3569 317 3627 qua
337 3553 442 3620 καῦνος
462 3549 501 3606 ab
524 3543 555 3606 ἒν
576 3542 665 3626 κυρίᾳ
687 3547 924 3622 discerpebatur,
948 3549 1041 3608 etiam
1054 3546 1156 3626 βυβλὶς
1170 3549 1301 3608 nominis
1317 3549 1456 3626 gemina·

257 3653 372 3711 tionem
394 3655 639 3726 procreaverunt.
689 3671 692 3678 ·

135 3759 188 3811 sab.
203 3771 234 3822 3¹
357 3772 386 3829 p.
409 3765 518 3826 229,2
560 3766 616 3826 pro
642 3743 782 3808 ἐνταυθοῖ
804 3746 951 3822 οἰκοῦντας
973 3751 1110 3811 Palatino
1133 3753 1211 3810 duce
1241 3751 1293 3828 qui
1316 3747 1458 3810 ἐνταυθοῖ

282 3836 309 3885 οἱ

257 3923 374 3978 novarat
400 3907 503 3976 habet,
537 3904 682 3982 quoniam
709 3905 752 3964 sic
774 3905 890 3964 hiatum
912 3905 1073 3965 vitabimus
1087 3903 1110 3979 4,
1140 3907 1248 3966 melius
1270 3902 1391 3966 ἐνταῦθ’
1411 3903 1456 3964 oi·

256 4012 375 4080 κοῦντας
389 4009 590 4070 enatabimus.
622 4008 757 4083 Scriptor
778 4009 858 4067 enim
878 4017 911 4067 et
925 4005 1057 4068 ἐνταῦθα
1079 4003 1120 4088 (p.
1140 4024 1210 4086 225,
1230 4005 1278 4088 15)
1302 4017 1333 4066 et
1356 4004 1455 4068 ἐνταυ-

257 4110 311 4169 θοῖ
330 4107 372 4188 (p.
390 4110 460 4184 228,
481 4105 532 4186 14)
556 4118 689 4186 usurpat.

356 4305 367 4344 ¹
385 4311 416 4360 L.
427 4323 447 4358 c.
466 4325 491 4374 p.
502 4308 535 4358 66
554 4324 614 4359 ann.
627 4320 652 4358 2.

354 4393 367 4432 ²
387 4395 474 4447 Etiam
491 4396 688 4446 distinctionem
706 4397 822 4464 servavi;
840 4403 975 4465 praeterea
995 4412 1116 4447 versuum
1136 4395 1200 4448 fines
1219 4395 1366 4460 significare
1384 4395 1455 4446 haud

257 4484 352 4537 inutile
369 4500 426 4536 esse
445 4485 528 4536 visum
547 4491 595 4536 est.

358 4569 369 4608 θ
387 4573 487 4640 Βυβλὶς
505 4581 576 4626 recte
594 4593 610 4626 a
629 4577 753 4627 Iacobsio
771 4576 869 4642 ubique
889 4575 1036 4626 restitutum
1054 4580 1102 4626 est.

355 4658 368 4696 ⁴
387 4662 426 4714 Cf.
446 4668 532 4714 tamen
551 4680 576 4730 p.
586 4677 621 4726 40
638 4679 697 4716 ann.
718 4675 732 4727 5
755 4663 818 4713 diss.
