3292 5342
703 361 909 419 „54-

211 551 240 608 p.
253 526 307 609 43)
329 545 497 606 apponam:
517 525 689 588 ‘Nicandro
712 526 906 586 confidenter
926 525 1104 584 ascribimus
1127 527 1187 585 lab.
1203 541 1244 599 40
1256 569 1282 586 ..
1297 543 1408 602 .prae·

212 632 315 690 sertim
336 650 404 690 curn
426 631 476 688 illa
498 629 599 687 fabula
623 647 686 686 non
709 637 772 685 tam
792 622 1020 704 μεταμόρᾳωσιν
1049 645 1141 704 quam
1163 623 1328 703 ἀφανισμὸν
1353 627 1407 684 ali·

212 751 301 809 quem
323 731 490 802 contineat,
513 730 608 806 qualis
635 730 666 786 in
688 728 834 787 Nicandri
853 721 1075 806 ἓτεροιουμένοις
1100 730 1140 788 ab
1164 729 1321 786 Antonino
1343 746 1407 787 ser·

212 833 289 892 vatis
318 833 438 908 saepius
470 849 561 908 quam
593 831 624 888 in
654 829 839 904 reliquorum
872 837 1031 888 auctorum
1053 830 1189 888 videmus
1216 829 1405 888 mentionem

212 934 326 993 iactam
347 935 411 993 sive
435 951 490 1010 per
511 951 545 990 se
568 931 659 1008 positi
682 931 744 990 sive
766 949 837 988 cum
851 929 1091 1006 metamorphosi
1111 933 1245 1006 quadam
1267 933 1313 990 vel
1336 950 1404 990 cum

211 1033 313 1109 aliquo
345 1034 404 1091 alio
437 1032 565 1090 artificio
588 1025 766 1090 coniuncti’.
811 1029 879 1087 Alia
912 1047 1004 1088 causa
1026 1039 1149 1106 praesto
1183 1040 1240 1097 est,
1276 1051 1328 1090 cnr
1359 1033 1405 1090 fa·

211 1135 300 1194 bulae
315 1151 354 1212 37
379 1144 503 1212 poetam
518 1133 743 1209 Colophonium
763 1139 934 1190 statuamus
949 1141 1116 1207 parentem.
1161 1133 1217 1190 Est
1239 1133 1339 1192 fabula
1361 1135 1404 1190 de

212 1236 371 1296 Diomedis
393 1245 464 1312 post
486 1236 622 1294 deletam
644 1234 768 1292 Troiam
791 1232 871 1293 tatis.
916 1232 1017 1292 Primo
1040 1243 1143 1292 autern
1165 1234 1255 1292 heros
1275 1234 1405 1292 clarissi-

212 1353 279 1394 mus
301 1335 410 1395 Oeneo
441 1354 499 1393 avo
531 1335 563 1392 in
596 1334 670 1392 urbe
694 1333 852 1410 Calydone
873 1350 997 1410 regnum
1021 1335 1197 1406 restituisse,
1234 1335 1349 1392 deinde
1371 1334 1403 1390 in

210 1437 329 1495 Italiam
362 1438 403 1495 ad
425 1436 580 1494 Daunium
613 1451 716 1510 regem
749 1434 1011 1510 transmigravisse
1044 1453 1113 1492 cum
1146 1436 1234 1494 sociis
1264 1435 1403 1493 traditur.

211 1537 340 1596 Dauniis
370 1554 441 1594 vero
478 1553 546 1594 cum
568 1553 660 1612 opem
683 1543 790 1593 contra
810 1535 985 1611 Messapios
1007 1535 1133 1611 tulisset,
1155 1535 1244 1594 filiam
1272 1535 1352 1610 regis
1373 1536 1405 1591 in

211 1637 435 1697 matrimonium
456 1638 544 1695 duxit
564 1657 591 1698 e.
614 1655 643 1712 q.
666 1655 689 1696 s.
713 1635 902 1694 Nicandrum
922 1654 985 1694 non
1008 1635 1102 1694 modo
1125 1637 1166 1694 de
1182 1635 1290 1696 Oeneo
1314 1636 1404 1694 tertio

210 1733 431 1816 inpmoupe'vurv
452 1735 546 1798 libro¹
567 1739 624 1797 sed
646 1737 739 1797 etiam
761 1739 801 1796 de
825 1738 936 1795 eodem
958 1736 1082 1796 Daunio
1104 1747 1136 1798 et
1156 1739 1265 1798 iisdem
1285 1737 1405 1796 Messa-

211 1837 285 1917 piis²
307 1841 463 1916 quomodo
492 1841 522 1897 in
545 1839 664 1898 ltaliam
686 1839 951 1913 commigraverint
976 1847 1148 1914 terramque
1169 1841 1247 1898 inter
1280 1857 1314 1896 se
1343 1840 1405 1898 dis·

212 1943 377 2012 tribuerint,
399 1943 536 2000 secundo
560 1933 779 2018 ἓτεροιουμένων
800 1941 874 1998 libro
898 1939 962 1998 fuse
983 1941 1155 2016 etcopiose
1177 1941 1331 1998 rettulisse
1351 1959 1402 1998 err·

211 2043 363 2118 ploratum
384 2042 539 2100 habemus.
583 2041 667 2113 Quid
699 2042 791 2116 igitur
820 2041 942 2117 propius
963 2041 1060 2110 abest,
1091 2059 1183 2116 quam
1215 2049 1248 2100 ut
1275 2037 1403 2118 postea³

212 2143 397 2202 Nicandrum
419 2143 512 2200 etiam
534 2151 659 2200 nostrae
681 2141 804 2200 fabulae
826 2151 1020 2218 persecutum
1047 2159 1114 2200 esse
1137 2142 1292 2200 historiam
1326 2144 1402 2200 arbi·

211 2238 343 2302 tremur?
387 2241 475 2316 Quae
497 2261 569 2302 cum
591 2244 633 2300 ita
656 2244 724 2318 sint,
759 2242 979 2318 simplicissima
1011 2242 1160 2301 mehercle
1195 2244 1234 2300 de
1257 2243 1402 2300 Antonini

212 2345 346 2402 lontibus
368 2345 520 2421 expositio
540 2345 626 2403 heret
647 2353 680 2402 et
701 2343 831 2402 maxime
853 2344 1013 2416 credibilis,
1038 2345 1063 2402 si
1086 2345 1178 2404 etiam
1201 2345 1282 2405 sabb.
1307 2359 1346 2417 33
1371 2355 1402 2402 et

211 2461 252 2520 39
274 2441 393 2504 eidem*
414 2446 464 2504 cui
486 2453 605 2504 ceteras
627 2463 733 2502 omnes
754 2443 870 2502 fabulas
885 2444 1070 2514 addiximus,
1087 2453 1198 2521 poetae
1215 2445 1347 2504 tribuere
1370 2446 1403 2502 li·

211 2555 304 2605 ceret.
349 2545 420 2604 Non
451 2547 541 2605 licere
563 2545 665 2605 adhuc
688 2547 833 2604 dolemus
878 2545 1026 2622 Appinxit
1058 2545 1140 2604 enim
1163 2545 1328 2604 scholiasta
1361 2547 1402 2603 ad

211 2647 292 2704 illam
314 2647 354 2704 de
375 2647 524 2705 Alcmena
546 2646 677 2706 fabulam
699 2644 741 2722 (p.
767 2662 836 2714 220,
865 2639 917 2726 28)
939 2640 1046 2722 intonsi
1069 2641 1238 2724 Φερεκύδης,
1261 2648 1303 2704 ad
1325 2647 1403 2704 hanc

211 2765 272 2822 qua
294 2749 334 2806 de
349 2748 574 2823 Arceophontis
597 2749 706 2806 misera
727 2756 824 2805 morte
848 2748 955 2822 agitur,
978 2742 1085 2824 ἱστορεῖ
1101 2742 1293 2825 Ἑρμησιάναξ
1308 2747 1403 2805 Λεον-

210 2843 292 2905 τιόυ5
312 2839 354 2924 β’.
397 2849 437 2907 Et
460 2857 493 2907 ut
510 2849 692 2925 Pherecydis
708 2849 864 2907 obsoletos
880 2847 970 2905 libros
993 2866 1012 2904 a
1027 2847 1225 2924 compilatore
1247 2849 1401 2926 inspectos

212 2967 280 3007 esse
311 2949 482 3026 praefracte
515 2945 692 3028 negemus⁰,
727 2951 766 3008 de
789 2949 1050 3007 Hermesianactis
1072 2949 1203 3008 Leontio
1233 2967 1340 3006 vereor
1371 2956 1405 3005 ut

312 3186 323 3224 ¹
340 3189 380 3242 Cf.
399 3189 481 3242 schol.
501 3191 554 3242 sab.
575 3203 599 3244 2.

313 3275 326 3314 ὓ
344 3279 414 3330 Vide
431 3280 484 3331 sab.
506 3292 547 3344 31.

313 3365 325 3402 ³
341 3369 503 3419 Nicandrum
522 3369 634 3420 enimin
654 3369 703 3420 hac
721 3370 824 3435 quidem
846 3385 874 3419 re
893 3376 1039 3436 temporum
1058 3370 1182 3420 rationem
1202 3371 1332 3435 quandam
1360 3370 1405 3420 ha·

213 3457 301 3506 buisse
330 3457 407 3508 facilc
435 3457 569 3508 intellectu
598 3465 650 3518 est;
679 3475 742 3522 ergo
771 3459 839 3508 inter
863 3459 967 3509 tertium
992 3465 1112 3524 quartum
1140 3459 1257 3524 quintum
1285 3459 1404 3508 heteroe·

211 3561 324 3596 umenon
351 3546 432 3596 libros
462 3546 534 3612 optio
562 3547 639 3596 nobis
658 3548 742 3596 datur.
780 3547 882 3596 Fabula
911 3548 944 3596 de
963 3548 1099 3598 Teumesia
1122 3547 1199 3614 vulpe
1219 3549 1327 3596 sortasse
1353 3547 1405 3596 iam

211 3634 294 3700 primo
322 3634 390 3684 libro
419 3641 527 3685 tractata
555 3643 608 3696 est,
647 3637 668 3685 si
697 3636 746 3686 huc
780 3637 894 3703 pertinet
922 3636 1049 3685 Nicandri
1075 3637 1123 3699 srg.
1149 3638 1180 3698 63
1220 3629 1405 3688 Ἀσπαλάθεια

211 3713 348 3789 βοήροτος,
372 3737 440 3788 quae
458 3723 521 3772 urbs
539 3722 699 3788 Taphiorum
728 3723 784 3789 suit,
806 3731 897 3774 contra
924 3739 991 3790 quos
1010 3723 1166 3789 Amphitruo
1193 3739 1218 3790 p.
1238 3734 1298 3787 237,
1319 3735 1352 3786 24
1380 3729 1406 3772 et

213 3823 245 3872 29
260 3803 407 3876 (Τηλεβόαι
426 3811 559 3876 antiquum
579 3827 676 3861 nomen
690 3810 852 3877 Taphiorum
871 3813 929 3876 fuit)
950 3811 1049 3862 bellum
1068 3819 1189 3874 gesturus
1208 3811 1288 3861 inisse
1302 3811 1405 3862 dicitnr.

211 3899 288 3948 Alias
302 3899 431 3950 Antonini
449 3899 552 3950 fabulas
571 3891 731 3968 ἀνωνύμους
750 3901 827 3950 certis
847 3901 1003 3951 Nicandreis
1021 3899 1095 3950 libris
1113 3900 1244 3949 vindicare
1263 3915 1317 3948 non
1335 3899 1404 3948 licet.

213 3989 326 4052 Quartus
341 3989 446 4053 quidem
461 3989 528 4040 liber
541 3989 764 4040 heteroeumcnon
784 4007 798 4040 e
817 4008 869 4058 quo
888 4005 983 4041 novem
1002 3990 1160 4040 narrationes
1179 3995 1245 4039 teste
1265 3988 1406 4038 scholiasta

211 4076 341 4124 Antonini
355 4075 466 4126 haustae
485 4083 553 4142 sunt,
571 4079 598 4128 in
613 4095 720 4129 censum
739 4080 827 4129 venire
846 4080 887 4128 vix
901 4085 995 4144 potest.
1028 4079 1128 4128 Omnes
1143 4079 1253 4127 fortasse
1273 4078 1327 4126 eius
1345 4077 1405 4125 libri

212 4164 372 4214 narrationes
392 4171 526 4230 excerptas
545 4165 679 4226 habemuS,
700 4183 784 4232 neque
797 4167 908 4218 Ovidius
927 4167 987 4232 plus
1006 4175 1114 4217 octonas
1133 4174 1178 4216 aut
1196 4183 1279 4216 nonas
1301 4165 1404 4216 fabulas

213 4252 321 4315 singulis
340 4252 584 4318 metamorphoseon
602 4254 675 4304 libris
695 4261 802 4304 tractare
822 4254 911 4305 solitus
932 4261 979 4307 est.

309 4335 430 4390 4Boeus
451 4340 519 4390 enim
539 4341 590 4391 huc
609 4358 661 4390 non
680 4343 748 4394 sacit.

311 4425 323 4462 ⁵
340 4428 383 4478 Sic
402 4429 502 4479 correxi
520 4432 643 4497 Λεοντίῳ
662 4431 734 4495 quod
754 4431 908 4494 divulgatur.

311 4512 473 4567 ⁰Nicander
492 4524 578 4568 autem
603 4525 672 4568 certe
691 4519 752 4568 alias
773 4520 806 4570 de
824 4521 941 4570 Hercule
959 4519 1063 4570 fabulas
1082 4519 1197 4578 rettulit;
1226 4522 1259 4570 ci.
1287 4522 1358 4573 sabb.
1378 4537 1403 4587 4,

213 4605 255 4664 26,
273 4605 397 4673 imprimis
416 4618 459 4668 29.
495 4610 538 4656 Ac
557 4623 589 4657 ne
614 4608 666 4658 hoc
685 4608 789 4673 quidem
808 4607 1008 4671 neglegendum,
1028 4609 1101 4673 quod
1120 4607 1220 4658 scholia
1247 4611 1274 4658 in
1292 4617 1405 4661 extrema

213 4699 284 4759 parte
303 4693 388 4745 libelli
407 4695 580 4765 inveniuntur,
601 4697 628 4747 in
647 4711 698 4762 qua
717 4696 823 4746 omnino
843 4697 925 4746 multo
944 4697 1123 4760 neglegentior
1142 4697 1286 4748 scholiasta
1305 4699 1361 4749 fuit.
