<?xml version="1.0" encoding="UTF-8"?>
<!DOCTYPE html PUBLIC "-//W3C//DTD XHTML 1.0 Transitional//EN"
    "http://www.w3.org/TR/xhtml1/DTD/xhtml1-transitional.dtd">
<html xmlns="http://www.w3.org/1999/xhtml" xml:lang="en" lang="en">
 <head>
  <title>
</title>
<meta http-equiv="Content-Type" content="text/html;charset=utf-8" />
  <meta name='ocr-system' content='tesseract 3.04.00' />
  <meta name='ocr-capabilities' content='ocr_page ocr_carea ocr_par ocr_line ocrx_word'/>
</head>
<body>
  <div class='ocr_page' id='page_1' title='image "./deantoninoliber01odergoog_0022.png"; bbox 0 0 3292 5342; ppageno 0'>
   <div class='ocr_carea' id='block_1_1' title="bbox 665 386 871 444">
    <p class='ocr_par' dir='ltr' id='par_1_1' title="bbox 665 386 871 444">
     <span class='ocr_line' id='line_1_1' title="bbox 665 386 871 444; baseline -0.005 -31"><span class='ocrx_word' id='word_1_1' title='bbox 665 386 871 444; x_wconf 63' lang='lat'>-.3-</span> 
     </span>
    </p>
   </div>
   <div class='ocr_carea' id='block_1_2' title="bbox 159 549 1637 3869">
    <p class='ocr_par' dir='ltr' id='par_1_2' title="bbox 159 549 1637 3869">
     <span class='ocr_line' id='line_1_2' title="bbox 162 549 1358 632; baseline -0.004 -17"><span class='ocrx_word' id='word_1_2' title='bbox 162 565 247 616; x_wconf 90' lang='lat' dir='ltr'>certe</span> <span class='ocrx_word' id='word_1_3' title='bbox 270 557 429 614; x_wconf 89' lang='lat' dir='ltr'>verborum</span> <span class='ocrx_word' id='word_1_4' title='bbox 452 571 513 630; x_wconf 93' lang='lat' dir='ltr'>quo</span> <span class='ocrx_word' id='word_1_5' title='bbox 527 554 668 612; x_wconf 83' lang='lat' dir='ltr'>Bacchae</span> <span class='ocrx_word' id='word_1_6' title='bbox 689 549 818 632; x_wconf 80' lang='grc' dir='ltr'><strong><em>βάκχοισι</em></strong></span> <span class='ocrx_word' id='word_1_7' title='bbox 840 552 979 612; x_wconf 89' lang='lat' dir='ltr'>coronari</span> <span class='ocrx_word' id='word_1_8' title='bbox 995 551 1145 622; x_wconf 86' lang='lat' dir='ltr'>dicuntur,</span> <span class='ocrx_word' id='word_1_9' title='bbox 1161 569 1253 628; x_wconf 91' lang='lat' dir='ltr'>quam</span> <span class='ocrx_word' id='word_1_10' title='bbox 1271 569 1358 628; x_wconf 83' lang='lat' dir='ltr'>egre·</span> 
     </span>
     <span class='ocr_line' id='line_1_3' title="bbox 161 653 1151 734; baseline 0 -20"><span class='ocrx_word' id='word_1_11' title='bbox 161 657 212 734; x_wconf 86' lang='lat' dir='ltr'>gie</span> <span class='ocrx_word' id='word_1_12' title='bbox 235 658 295 716; x_wconf 89' lang='lat' dir='ltr'>huc</span> <span class='ocrx_word' id='word_1_13' title='bbox 318 659 450 733; x_wconf 80' lang='lat' dir='ltr'><strong>quadret</strong></span> <span class='ocrx_word' id='word_1_14' title='bbox 474 663 506 713; x_wconf 89' lang='lat' dir='ltr'>et</span> <span class='ocrx_word' id='word_1_15' title='bbox 529 653 684 713; x_wconf 86' lang='lat' dir='ltr'>Nicandro</span> <span class='ocrx_word' id='word_1_16' title='bbox 707 654 819 730; x_wconf 91' lang='lat' dir='ltr'>dignus</span> <span class='ocrx_word' id='word_1_17' title='bbox 842 654 889 726; x_wconf 86' lang='lat' dir='ltr'>sit,</span> <span class='ocrx_word' id='word_1_18' title='bbox 912 655 943 710; x_wconf 92' lang='lat' dir='ltr'>in</span> <span class='ocrx_word' id='word_1_19' title='bbox 967 653 1070 730; x_wconf 90' lang='lat' dir='ltr'>aprico</span> <span class='ocrx_word' id='word_1_20' title='bbox 1094 662 1151 714; x_wconf 88' lang='lat' dir='ltr'>est.</span> 
     </span>
     <span class='ocr_line' id='line_1_4' title="bbox 261 747 1476 839; baseline -0.003 -25"><span class='ocrx_word' id='word_1_21' title='bbox 261 775 289 833; x_wconf 90' lang='lat' dir='ltr'>p.</span> <span class='ocrx_word' id='word_1_22' title='bbox 306 772 408 829; x_wconf 86' lang='lat'>212‚1</span> <span class='ocrx_word' id='word_1_23' title='bbox 445 752 521 826; x_wconf 72' lang='grc' dir='ltr'><strong><em>Ζεὺς</em></strong></span> <span class='ocrx_word' id='word_1_24' title='bbox 546 750 578 814; x_wconf 78' lang='grc' dir='ltr'>δὲ</span> <span class='ocrx_word' id='word_1_25' title='bbox 605 751 660 832; x_wconf 87' lang='grc' dir='ltr'>πρὸ</span> <span class='ocrx_word' id='word_1_26' title='bbox 682 757 733 813; x_wconf 77' lang='grc' dir='ltr'><strong><em>τοῦ</em></strong></span> <span class='ocrx_word' id='word_1_27' title='bbox 752 749 850 830; x_wconf 87' lang='grc' dir='ltr'><strong><em>μεῖζον</em></strong></span> <span class='ocrx_word' id='word_1_28' title='bbox 875 750 965 812; x_wconf 83' lang='grc' dir='ltr'><strong><em>κακὸν</em></strong></span> <span class='ocrx_word' id='word_1_29' title='bbox 987 749 1122 828; x_wconf 74' lang='grc' dir='ltr'>ἐμπεσεῖν</span> <span class='ocrx_word' id='word_1_30' title='bbox 1148 757 1188 839; x_wconf 76' lang='grc' dir='ltr'><strong><em>τῷ</em></strong></span> <span class='ocrx_word' id='word_1_31' title='bbox 1216 747 1286 836; x_wconf 79' lang='grc' dir='ltr'><strong><em>οἴκῳ</em></strong></span> <span class='ocrx_word' id='word_1_32' title='bbox 1308 749 1357 813; x_wconf 86' lang='grc' dir='ltr'><strong><em>τὸν</em></strong></span> <span class='ocrx_word' id='word_1_33' title='bbox 1377 761 1427 812; x_wconf 76' lang='lat' dir='ltr'>lab.</span> <span class='ocrx_word' id='word_1_34' title='bbox 1449 774 1476 810; x_wconf 86' lang='lat' dir='ltr'>rr</span> 
     </span>
     <span class='ocr_line' id='line_1_5' title="bbox 162 846 1359 935; baseline -0.003 -20"><span class='ocrx_word' id='word_1_35' title='bbox 162 853 348 935; x_wconf 76' lang='grc' dir='ltr'><em>Πανδάρεων</em></span> <span class='ocrx_word' id='word_1_36' title='bbox 369 852 508 935; x_wconf 79' lang='grc' dir='ltr'><strong><em>οἰκτείρας</em></strong></span> <span class='ocrx_word' id='word_1_37' title='bbox 526 851 642 933; x_wconf 78' lang='grc' dir='ltr'><strong><em>ἐποίησε</em></strong></span> <span class='ocrx_word' id='word_1_38' title='bbox 662 846 770 926; x_wconf 78' lang='grc' dir='ltr'><em>πάντας</em></span> <span class='ocrx_word' id='word_1_39' title='bbox 792 849 919 932; x_wconf 73' lang='grc' dir='ltr'><strong><em>ὄρνιθας.</em></strong></span> <span class='ocrx_word' id='word_1_40' title='bbox 947 855 983 912; x_wconf 93' lang='lat' dir='ltr'>In</span> <span class='ocrx_word' id='word_1_41' title='bbox 1004 855 1039 912; x_wconf 92' lang='lat' dir='ltr'>iis</span> <span class='ocrx_word' id='word_1_42' title='bbox 1059 871 1137 929; x_wconf 90' lang='lat' dir='ltr'>quae</span> <span class='ocrx_word' id='word_1_43' title='bbox 1159 856 1359 933; x_wconf 88' lang='lat' dir='ltr'>praecedunt,</span> 
     </span>
     <span class='ocr_line' id='line_1_6' title="bbox 163 957 1508 1045; baseline -0.001 -29"><span class='ocrx_word' id='word_1_44' title='bbox 163 959 361 1017; x_wconf 89' lang='lat' dir='ltr'>Pandareum</span> <span class='ocrx_word' id='word_1_45' title='bbox 383 958 563 1016; x_wconf 88' lang='lat' dir='ltr'>crudelitate</span> <span class='ocrx_word' id='word_1_46' title='bbox 586 966 617 1014; x_wconf 91' lang='lat' dir='ltr'>et</span> <span class='ocrx_word' id='word_1_47' title='bbox 639 957 682 1013; x_wconf 93' lang='lat' dir='ltr'>ira</span> <span class='ocrx_word' id='word_1_48' title='bbox 710 964 909 1015; x_wconf 77' lang='lat' dir='ltr'>occaecatum</span> <span class='ocrx_word' id='word_1_49' title='bbox 931 973 994 1013; x_wconf 91' lang='lat' dir='ltr'>non</span> <span class='ocrx_word' id='word_1_50' title='bbox 1016 957 1112 1015; x_wconf 90' lang='lat' dir='ltr'>modo</span> <span class='ocrx_word' id='word_1_51' title='bbox 1134 974 1279 1031; x_wconf 86' lang='lat' dir='ltr'>generum</span> <span class='ocrx_word' id='word_1_52' title='bbox 1302 957 1359 1014; x_wconf 90' lang='lat' dir='ltr'>sed</span> <span class='ocrx_word' id='word_1_53' title='bbox 1503 1025 1508 1045; x_wconf 43' lang='lat'><strong>¹</strong></span> 
     </span>
     <span class='ocr_line' id='line_1_7' title="bbox 162 1037 1637 1153; baseline 0 -38"><span class='ocrx_word' id='word_1_54' title='bbox 162 1060 257 1118; x_wconf 90' lang='lat' dir='ltr'>etiam</span> <span class='ocrx_word' id='word_1_55' title='bbox 279 1059 368 1118; x_wconf 91' lang='lat' dir='ltr'>filiam</span> <span class='ocrx_word' id='word_1_56' title='bbox 390 1067 568 1116; x_wconf 91' lang='lat' dir='ltr'>necaturum</span> <span class='ocrx_word' id='word_1_57' title='bbox 592 1057 685 1116; x_wconf 85' lang='lat' dir='ltr'>luisse</span> <span class='ocrx_word' id='word_1_58' title='bbox 708 1056 915 1132; x_wconf 85' lang='lat' dir='ltr'>comperimus.</span> <span class='ocrx_word' id='word_1_59' title='bbox 948 1057 1056 1133; x_wconf 88' lang='lat' dir='ltr'>Itaque</span> <span class='ocrx_word' id='word_1_60' title='bbox 1079 1065 1143 1114; x_wconf 90' lang='lat' dir='ltr'>turn</span> <span class='ocrx_word' id='word_1_61' title='bbox 1165 1075 1217 1114; x_wconf 91' lang='lat' dir='ltr'>cur</span> <span class='ocrx_word' id='word_1_62' title='bbox 1240 1057 1357 1114; x_wconf 87' lang='lat' dir='ltr'>Panda·</span> <span class='ocrx_word' id='word_1_63' title='bbox 1388 1041 1533 1153; x_wconf 53' lang='grc' dir='ltr'><strong><em>[λιπαλν</em></strong></span> <span class='ocrx_word' id='word_1_64' title='bbox 1548 1037 1603 1092; x_wconf 51' lang='lat'>”⁸3</span> <span class='ocrx_word' id='word_1_65' title='bbox 1636 1079 1637 1082; x_wconf 43' lang='lat'>¹</span> 
     </span>
     <span class='ocr_line' id='line_1_8' title="bbox 164 1149 1637 1244; baseline 0.006 -29"><span class='ocrx_word' id='word_1_66' title='bbox 164 1176 236 1217; x_wconf 90' lang='lat' dir='ltr'>reus</span> <span class='ocrx_word' id='word_1_67' title='bbox 257 1159 339 1218; x_wconf 92' lang='lat' dir='ltr'>Iovis</span> <span class='ocrx_word' id='word_1_68' title='bbox 362 1159 498 1219; x_wconf 82' lang='lat' dir='ltr'>excitarit</span> <span class='ocrx_word' id='word_1_69' title='bbox 518 1158 766 1232; x_wconf 90' lang='lat' dir='ltr'>misericordiam,</span> <span class='ocrx_word' id='word_1_70' title='bbox 789 1176 853 1216; x_wconf 92' lang='lat' dir='ltr'>non</span> <span class='ocrx_word' id='word_1_71' title='bbox 875 1157 1028 1235; x_wconf 88' lang='lat' dir='ltr'>intellego.</span> <span class='ocrx_word' id='word_1_72' title='bbox 1063 1158 1185 1218; x_wconf 89' lang='lat' dir='ltr'>Deinde</span> <span class='ocrx_word' id='word_1_73' title='bbox 1207 1149 1284 1231; x_wconf 83' lang='grc' dir='ltr'><strong><em>ολιιος</em></strong></span> <span class='ocrx_word' id='word_1_74' title='bbox 1304 1177 1359 1234; x_wconf 91' lang='lat' dir='ltr'>ge·</span> <span class='ocrx_word' id='word_1_75' title='bbox 1387 1212 1391 1224; x_wconf 83' lang='grc'><strong>,</strong></span> <span class='ocrx_word' id='word_1_76' title='bbox 1431 1159 1553 1244; x_wconf 50' lang='lat' dir='ltr'>,tm</span> <span class='ocrx_word' id='word_1_77' title='bbox 1573 1169 1637 1234; x_wconf 51' lang='lat' dir='ltr'>(wll</span> 
     </span>
     <span class='ocr_line' id='line_1_9' title="bbox 162 1258 1548 1388; baseline 0.003 -70"><span class='ocrx_word' id='word_1_78' title='bbox 162 1260 267 1319; x_wconf 90' lang='lat' dir='ltr'>netivo</span> <span class='ocrx_word' id='word_1_79' title='bbox 300 1261 432 1318; x_wconf 91' lang='lat' dir='ltr'>nominis</span> <span class='ocrx_word' id='word_1_80' title='bbox 466 1261 578 1336; x_wconf 89' lang='lat' dir='ltr'>proprii</span> <span class='ocrx_word' id='word_1_81' title='bbox 609 1278 672 1318; x_wconf 93' lang='lat' dir='ltr'>non</span> <span class='ocrx_word' id='word_1_82' title='bbox 699 1260 806 1318; x_wconf 88' lang='lat' dir='ltr'>addito</span> <span class='ocrx_word' id='word_1_83' title='bbox 833 1277 939 1334; x_wconf 90' lang='lat' dir='ltr'>parum</span> <span class='ocrx_word' id='word_1_84' title='bbox 969 1259 1077 1334; x_wconf 90' lang='lat' dir='ltr'>placet.</span> <span class='ocrx_word' id='word_1_85' title='bbox 1116 1258 1249 1336; x_wconf 60' lang='lat' dir='ltr'>‘Utrique</span> <span class='ocrx_word' id='word_1_86' title='bbox 1276 1261 1358 1320; x_wconf 93' lang='lat' dir='ltr'>malo</span> <span class='ocrx_word' id='word_1_87' title='bbox 1406 1291 1426 1388; x_wconf 68' lang='grc' dir='ltr'><strong><em>γ</em></strong></span> <span class='ocrx_word' id='word_1_88' title='bbox 1458 1259 1499 1357; x_wconf 46' lang='lat' dir='ltr'>&#39;‘”f</span> <span class='ocrx_word' id='word_1_89' title='bbox 1516 1311 1548 1359; x_wconf 53' lang='grc' dir='ltr'><em>Η</em></span> 
     </span>
     <span class='ocr_line' id='line_1_10' title="bbox 160 1309 1585 1463; baseline 0.002 -44"><span class='ocrx_word' id='word_1_90' title='bbox 160 1362 363 1435; x_wconf 87' lang='lat' dir='ltr'>medebimur,</span> <span class='ocrx_word' id='word_1_91' title='bbox 387 1363 413 1419; x_wconf 92' lang='lat' dir='ltr'>si</span> <span class='ocrx_word' id='word_1_92' title='bbox 434 1361 639 1419; x_wconf 89' lang='lat' dir='ltr'>exarabimus:</span> <span class='ocrx_word' id='word_1_93' title='bbox 672 1356 729 1436; x_wconf 85' lang='grc' dir='ltr'>πρὸ</span> <span class='ocrx_word' id='word_1_94' title='bbox 754 1361 807 1418; x_wconf 77' lang='grc' dir='ltr'><strong><em>τοῦ</em></strong></span> <span class='ocrx_word' id='word_1_95' title='bbox 826 1354 925 1434; x_wconf 86' lang='grc' dir='ltr'><strong><em>μεῖζον</em></strong></span> <span class='ocrx_word' id='word_1_96' title='bbox 952 1355 1040 1419; x_wconf 85' lang='grc' dir='ltr'><strong><em>κακὸν</em></strong></span> <span class='ocrx_word' id='word_1_97' title='bbox 1061 1355 1198 1437; x_wconf 78' lang='grc' dir='ltr'>ἐμπεσεῖν</span> <span class='ocrx_word' id='word_1_98' title='bbox 1224 1363 1264 1446; x_wconf 80' lang='grc' dir='ltr'><strong><em>τῷ</em></strong></span> <span class='ocrx_word' id='word_1_99' title='bbox 1289 1355 1359 1446; x_wconf 79' lang='grc' dir='ltr'><strong><em>οἴκῳ</em></strong></span> <span class='ocrx_word' id='word_1_100' title='bbox 1425 1309 1490 1455; x_wconf 44' lang='lat' dir='ltr'><strong>W</strong></span> <span class='ocrx_word' id='word_1_101' title='bbox 1566 1344 1585 1463; x_wconf 47' lang='grc' dir='ltr'>λ’</span> 
     </span>
     <span class='ocr_line' id='line_1_11' title="bbox 159 1419 1620 1559; baseline 0.002 -37"><span class='ocrx_word' id='word_1_102' title='bbox 159 1467 213 1522; x_wconf 81' lang='grc' dir='ltr'><strong><em>τοῦ</em></strong></span> <span class='ocrx_word' id='word_1_103' title='bbox 235 1457 419 1540; x_wconf 62' lang='grc' dir='ltr'><strong><em>Πανδάρεω</em></strong></span> <span class='ocrx_word' id='word_1_104' title='bbox 441 1463 479 1522; x_wconf 84' lang='lat' dir='ltr'>cf.</span> <span class='ocrx_word' id='word_1_105' title='bbox 502 1481 532 1538; x_wconf 94' lang='lat' dir='ltr'>p.</span> <span class='ocrx_word' id='word_1_106' title='bbox 556 1478 624 1536; x_wconf 89' lang='lat'>211,</span> <span class='ocrx_word' id='word_1_107' title='bbox 643 1477 681 1535; x_wconf 86' lang='lat'>24</span> <span class='ocrx_word' id='word_1_108' title='bbox 703 1454 862 1538; x_wconf 77' lang='grc' dir='ltr'><strong><em>ἐνελωβοῐτο</em></strong></span> <span class='ocrx_word' id='word_1_109' title='bbox 883 1458 924 1533; x_wconf 77' lang='grc' dir='ltr'>εἰς</span> <span class='ocrx_word' id='word_1_110' title='bbox 943 1457 991 1521; x_wconf 77' lang='grc' dir='ltr'>τάν</span> <span class='ocrx_word' id='word_1_111' title='bbox 1011 1452 1092 1520; x_wconf 76' lang='grc' dir='ltr'><strong><em>οἶνον</em></strong></span> <span class='ocrx_word' id='word_1_112' title='bbox 1113 1463 1163 1520; x_wconf 79' lang='grc' dir='ltr'><strong><em>τοῦ</em></strong></span> <span class='ocrx_word' id='word_1_113' title='bbox 1183 1457 1357 1541; x_wconf 76' lang='grc' dir='ltr'><strong><em>Πανδάρεω.</em></strong></span> <span class='ocrx_word' id='word_1_114' title='bbox 1450 1419 1527 1480; x_wconf 45' lang='grc' dir='ltr'>’Μ</span> <span class='ocrx_word' id='word_1_115' title='bbox 1551 1455 1577 1559; x_wconf 43' lang='grc'>’1</span> <span class='ocrx_word' id='word_1_116' title='bbox 1599 1429 1620 1500; x_wconf 43' lang='lat'>³⁸*</span> 
     </span>
     <span class='ocr_line' id='line_1_12' title="bbox 264 1525 1637 1642; baseline 0.003 -21"><span class='ocrx_word' id='word_1_117' title='bbox 264 1582 294 1640; x_wconf 92' lang='lat' dir='ltr'>p.</span> <span class='ocrx_word' id='word_1_118' title='bbox 317 1579 386 1640; x_wconf 87' lang='lat'>212,</span> <span class='ocrx_word' id='word_1_119' title='bbox 413 1579 450 1621; x_wconf 93' lang='lat'>10</span> <span class='ocrx_word' id='word_1_120' title='bbox 485 1563 573 1622; x_wconf 91' lang='lat' dir='ltr'>tollas</span> <span class='ocrx_word' id='word_1_121' title='bbox 595 1580 710 1638; x_wconf 86' lang='lat' dir='ltr'>quaeso</span> <span class='ocrx_word' id='word_1_122' title='bbox 732 1563 870 1638; x_wconf 89' lang='lat' dir='ltr'>pusillum</span> <span class='ocrx_word' id='word_1_123' title='bbox 892 1564 1042 1622; x_wconf 86' lang='lat' dir='ltr'>emblema</span> <span class='ocrx_word' id='word_1_124' title='bbox 1068 1563 1100 1620; x_wconf 93' lang='lat' dir='ltr'>in</span> <span class='ocrx_word' id='word_1_125' title='bbox 1124 1561 1185 1620; x_wconf 89' lang='lat' dir='ltr'>his:</span> <span class='ocrx_word' id='word_1_126' title='bbox 1219 1557 1288 1622; x_wconf 71' lang='lat' dir='ltr'>tot</span> <span class='ocrx_word' id='word_1_127' title='bbox 1309 1567 1360 1642; x_wconf 84' lang='grc' dir='ltr'><strong><em>τῆς</em></strong></span> <span class='ocrx_word' id='word_1_128' title='bbox 1410 1527 1477 1622; x_wconf 45' lang='lat' dir='ltr'>”ani</span> <span class='ocrx_word' id='word_1_129' title='bbox 1504 1525 1534 1624; x_wconf 71' lang='grc' dir='ltr'><strong><em>λι</em></strong></span> <span class='ocrx_word' id='word_1_130' title='bbox 1579 1545 1582 1554; x_wconf 46' lang='grc'>’</span> <span class='ocrx_word' id='word_1_131' title='bbox 1615 1549 1637 1587; x_wconf 64' lang='lat'>&#39;³</span> 
     </span>
     <span class='ocr_line' id='line_1_13' title="bbox 159 1655 1530 1750; baseline 0.004 -28"><span class='ocrx_word' id='word_1_132' title='bbox 159 1660 300 1743; x_wconf 84' lang='grc' dir='ltr'><strong><em>Ἀηδόνος</em></strong></span> <span class='ocrx_word' id='word_1_133' title='bbox 331 1659 453 1742; x_wconf 83' lang='grc' dir='ltr'><strong><em>ἀδελφὸς</em></strong></span> <span class='ocrx_word' id='word_1_134' title='bbox 478 1657 587 1740; x_wconf 75' lang='grc' dir='ltr'><strong><em>ἐγένετο</em></strong></span> <span class='ocrx_word' id='word_1_135' title='bbox 614 1656 704 1738; x_wconf 80' lang='grc' dir='ltr'><strong><em>ἔποψ,</em></strong></span> <span class='ocrx_word' id='word_1_136' title='bbox 735 1655 825 1734; x_wconf 83' lang='grc' dir='ltr'><strong><em>άῖσως</em></strong></span> <span class='ocrx_word' id='word_1_137' title='bbox 846 1660 895 1722; x_wconf 80' lang='grc' dir='ltr'><strong><em>καὶ</em></strong></span> <span class='ocrx_word' id='word_1_138' title='bbox 918 1657 1034 1722; x_wconf 76' lang='grc' dir='ltr'><strong><em>πλέουσι</em></strong></span> <span class='ocrx_word' id='word_1_139' title='bbox 1063 1660 1112 1722; x_wconf 84' lang='grc' dir='ltr'><strong><em>καλ</em></strong></span> <span class='ocrx_word' id='word_1_140' title='bbox 1139 1659 1188 1722; x_wconf 81' lang='grc' dir='ltr'>ἒπλ</span> <span class='ocrx_word' id='word_1_141' title='bbox 1215 1666 1271 1742; x_wconf 82' lang='grc' dir='ltr'>γῆς</span> <span class='ocrx_word' id='word_1_142' title='bbox 1298 1684 1358 1744; x_wconf 87' lang='grc' dir='ltr'><strong><em>φα-</em></strong></span> <span class='ocrx_word' id='word_1_143' title='bbox 1430 1669 1454 1733; x_wconf 71' lang='lat' dir='ltr'>r‘</span> <span class='ocrx_word' id='word_1_144' title='bbox 1476 1685 1530 1750; x_wconf 61' lang='grc' dir='ltr'>μ’</span> 
     </span>
     <span class='ocr_line' id='line_1_14' title="bbox 163 1754 1556 1846; baseline 0.003 -24"><span class='ocrx_word' id='word_1_145' title='bbox 163 1760 231 1836; x_wconf 82' lang='grc' dir='ltr'><strong><em>νείς·</em></strong></span> <span class='ocrx_word' id='word_1_146' title='bbox 265 1760 333 1841; x_wconf 76' lang='grc' dir='ltr'>[σὺν</span> <span class='ocrx_word' id='word_1_147' title='bbox 356 1757 487 1846; x_wconf 75' lang='grc' dir='ltr'><strong><em>ἀλιοιιέιῳ</em></strong></span> <span class='ocrx_word' id='word_1_148' title='bbox 513 1759 545 1823; x_wconf 78' lang='grc' dir='ltr'>δὲ</span> <span class='ocrx_word' id='word_1_149' title='bbox 572 1756 592 1841; x_wconf 85' lang='grc' dir='ltr'><em>ἢ</em></span> <span class='ocrx_word' id='word_1_150' title='bbox 619 1757 736 1822; x_wconf 84' lang='grc' dir='ltr'><strong><em>ἀλκυόνι</em></strong></span> <span class='ocrx_word' id='word_1_151' title='bbox 764 1754 897 1846; x_wconf 62' lang='lat' dir='ltr'>traillon}</span> <span class='ocrx_word' id='word_1_152' title='bbox 944 1763 1033 1836; x_wconf 86' lang='lat' dir='ltr'>Quae</span> <span class='ocrx_word' id='word_1_153' title='bbox 1062 1764 1148 1822; x_wconf 82' lang='lat' dir='ltr'>uncis</span> <span class='ocrx_word' id='word_1_154' title='bbox 1168 1764 1288 1834; x_wconf 77' lang='lat' dir='ltr'>inclusi,</span> <span class='ocrx_word' id='word_1_155' title='bbox 1314 1765 1358 1824; x_wconf 89' lang='lat' dir='ltr'>ita</span> <span class='ocrx_word' id='word_1_156' title='bbox 1457 1789 1472 1800; x_wconf 73' lang='lat'>··</span> <span class='ocrx_word' id='word_1_157' title='bbox 1550 1769 1556 1778; x_wconf 86' lang='lat'>&#39;</span> 
     </span>
     <span class='ocr_line' id='line_1_15' title="bbox 162 1862 1600 1969; baseline -0.001 -45"><span class='ocrx_word' id='word_1_158' title='bbox 162 1874 343 1942; x_wconf 89' lang='lat' dir='ltr'>comparata</span> <span class='ocrx_word' id='word_1_159' title='bbox 361 1873 442 1940; x_wconf 90' lang='lat' dir='ltr'>sunt,</span> <span class='ocrx_word' id='word_1_160' title='bbox 465 1871 498 1921; x_wconf 93' lang='lat' dir='ltr'>ut</span> <span class='ocrx_word' id='word_1_161' title='bbox 525 1865 708 1941; x_wconf 89' lang='lat' dir='ltr'>quicumque</span> <span class='ocrx_word' id='word_1_162' title='bbox 735 1883 774 1923; x_wconf 91' lang='lat' dir='ltr'>ea</span> <span class='ocrx_word' id='word_1_163' title='bbox 800 1865 882 1943; x_wconf 89' lang='lat' dir='ltr'>legit,</span> <span class='ocrx_word' id='word_1_164' title='bbox 911 1866 1003 1924; x_wconf 89' lang='lat' dir='ltr'>semel</span> <span class='ocrx_word' id='word_1_165' title='bbox 1027 1865 1160 1923; x_wconf 89' lang='lat' dir='ltr'>monitus</span> <span class='ocrx_word' id='word_1_166' title='bbox 1182 1865 1223 1922; x_wconf 89' lang='lat' dir='ltr'>de</span> <span class='ocrx_word' id='word_1_167' title='bbox 1245 1865 1358 1942; x_wconf 91' lang='lat' dir='ltr'>origine</span> <span class='ocrx_word' id='word_1_168' title='bbox 1379 1862 1386 1913; x_wconf 78' lang='lat' dir='ltr'>l</span> <span class='ocrx_word' id='word_1_169' title='bbox 1410 1919 1420 1955; x_wconf 36' lang='grc' dir='ltr'>ἢ</span> <span class='ocrx_word' id='word_1_170' title='bbox 1589 1923 1600 1969; x_wconf 39' lang='grc' dir='ltr'><strong><em>γ</em></strong></span> 
     </span>
     <span class='ocr_line' id='line_1_16' title="bbox 162 1916 1637 2057; baseline 0.001 -32"><span class='ocrx_word' id='word_1_171' title='bbox 162 1967 306 2026; x_wconf 89' lang='lat' dir='ltr'>dubitare</span> <span class='ocrx_word' id='word_1_172' title='bbox 333 1983 397 2024; x_wconf 89' lang='lat' dir='ltr'>non</span> <span class='ocrx_word' id='word_1_173' title='bbox 423 1964 530 2041; x_wconf 83' lang='lat' dir='ltr'>possit.</span> <span class='ocrx_word' id='word_1_174' title='bbox 574 1965 683 2042; x_wconf 87' lang='lat' dir='ltr'>Apage</span> <span class='ocrx_word' id='word_1_175' title='bbox 709 1966 759 2023; x_wconf 91' lang='lat' dir='ltr'>illa</span> <span class='ocrx_word' id='word_1_176' title='bbox 781 1965 812 2023; x_wconf 92' lang='lat' dir='ltr'>in</span> <span class='ocrx_word' id='word_1_177' title='bbox 840 1966 1014 2043; x_wconf 84' lang='lat' dir='ltr'>marginem,</span> <span class='ocrx_word' id='word_1_178' title='bbox 1039 1967 1122 2024; x_wconf 90' lang='lat' dir='ltr'>unde</span> <span class='ocrx_word' id='word_1_179' title='bbox 1147 1983 1305 2042; x_wconf 88' lang='lat' dir='ltr'>perperam</span> <span class='ocrx_word' id='word_1_180' title='bbox 1327 1916 1381 2047; x_wconf 66' lang='lat' dir='ltr'>in!</span> <span class='ocrx_word' id='word_1_181' title='bbox 1416 1952 1505 2057; x_wconf 52' lang='lat' dir='ltr'>,unffi</span> <span class='ocrx_word' id='word_1_182' title='bbox 1539 1935 1599 2038; x_wconf 48' lang='grc' dir='ltr'>ἀι</span> <span class='ocrx_word' id='word_1_183' title='bbox 1636 1953 1637 1962; x_wconf 34' lang='lat'>¹</span> 
     </span>
     <span class='ocr_line' id='line_1_17' title="bbox 162 2045 1630 2204; baseline 0 -76"><span class='ocrx_word' id='word_1_184' title='bbox 162 2077 343 2128; x_wconf 88' lang='lat' dir='ltr'>contextum</span> <span class='ocrx_word' id='word_1_185' title='bbox 369 2068 485 2124; x_wconf 89' lang='lat' dir='ltr'>intrusa</span> <span class='ocrx_word' id='word_1_186' title='bbox 510 2075 591 2144; x_wconf 90' lang='lat' dir='ltr'>sunt,</span> <span class='ocrx_word' id='word_1_187' title='bbox 625 2067 697 2126; x_wconf 90' lang='lat' dir='ltr'>olim</span> <span class='ocrx_word' id='word_1_188' title='bbox 724 2086 743 2126; x_wconf 88' lang='lat' dir='ltr'>a</span> <span class='ocrx_word' id='word_1_189' title='bbox 772 2067 866 2126; x_wconf 91' lang='lat' dir='ltr'>docto</span> <span class='ocrx_word' id='word_1_190' title='bbox 894 2069 1029 2143; x_wconf 92' lang='lat' dir='ltr'>quodam</span> <span class='ocrx_word' id='word_1_191' title='bbox 1056 2068 1119 2126; x_wconf 92' lang='lat' dir='ltr'>viro</span> <span class='ocrx_word' id='word_1_192' title='bbox 1147 2075 1295 2128; x_wconf 90' lang='lat' dir='ltr'>annotata</span> <span class='ocrx_word' id='word_1_193' title='bbox 1317 2060 1379 2141; x_wconf 74' lang='lat' dir='ltr'>adl</span> <span class='ocrx_word' id='word_1_194' title='bbox 1430 2091 1479 2204; x_wconf 51' lang='lat' dir='ltr'>,jv</span> <span class='ocrx_word' id='word_1_195' title='bbox 1514 2059 1564 2163; x_wconf 49' lang='lat' dir='ltr'>{p</span> <span class='ocrx_word' id='word_1_196' title='bbox 1586 2045 1630 2169; x_wconf 54' lang='lat' dir='ltr'>J,</span> 
     </span>
     <span class='ocr_line' id='line_1_18' title="bbox 162 2146 1614 2247; baseline 0.003 -18"><span class='ocrx_word' id='word_1_197' title='bbox 162 2169 317 2247; x_wconf 89' lang='lat' dir='ltr'>scriptoris</span> <span class='ocrx_word' id='word_1_198' title='bbox 340 2167 520 2228; x_wconf 89' lang='lat' dir='ltr'>orationem.</span> <span class='ocrx_word' id='word_1_199' title='bbox 1376 2146 1382 2168; x_wconf 27' lang='lat' dir='ltr'>k</span> <span class='ocrx_word' id='word_1_200' title='bbox 1565 2151 1580 2158; x_wconf 35' lang='grc' dir='ltr'><strong>Η</strong></span> <span class='ocrx_word' id='word_1_201' title='bbox 1594 2149 1614 2218; x_wconf 50' lang='grc' dir='ltr'>’Ᾰ</span> 
     </span>
     <span class='ocr_line' id='line_1_19' title="bbox 263 2267 1475 2348; baseline 0.005 -20"><span class='ocrx_word' id='word_1_202' title='bbox 263 2289 292 2346; x_wconf 94' lang='lat' dir='ltr'>p.</span> <span class='ocrx_word' id='word_1_203' title='bbox 311 2284 434 2342; x_wconf 52' lang='lat' dir='ltr'>215,ss</span> <span class='ocrx_word' id='word_1_204' title='bbox 459 2267 581 2344; x_wconf 87' lang='lat' dir='ltr'>Cycnus</span> <span class='ocrx_word' id='word_1_205' title='bbox 610 2286 629 2325; x_wconf 92' lang='lat' dir='ltr'>a</span> <span class='ocrx_word' id='word_1_206' title='bbox 651 2267 756 2344; x_wconf 92' lang='lat' dir='ltr'>Phylio</span> <span class='ocrx_word' id='word_1_207' title='bbox 784 2277 922 2327; x_wconf 89' lang='lat' dir='ltr'>amatore</span> <span class='ocrx_word' id='word_1_208' title='bbox 943 2278 1138 2348; x_wconf 90' lang='lat' dir='ltr'>contemptus</span> <span class='ocrx_word' id='word_1_209' title='bbox 1159 2274 1357 2334; x_wconf 88' lang='lat' dir='ltr'>miserrimam</span> <span class='ocrx_word' id='word_1_210' title='bbox 1375 2284 1428 2335; x_wconf 81' lang='lat' dir='ltr'>lab.</span> <span class='ocrx_word' id='word_1_211' title='bbox 1444 2296 1475 2334; x_wconf 80' lang='grc' dir='ltr'>ιτ</span> 
     </span>
     <span class='ocr_line' id='line_1_20' title="bbox 160 2369 1357 2446; baseline 0.003 -16"><span class='ocrx_word' id='word_1_212' title='bbox 160 2377 294 2430; x_wconf 89' lang='lat' dir='ltr'>mortem</span> <span class='ocrx_word' id='word_1_213' title='bbox 323 2369 503 2428; x_wconf 90' lang='lat' dir='ltr'>occubuisse</span> <span class='ocrx_word' id='word_1_214' title='bbox 530 2369 649 2429; x_wconf 89' lang='lat' dir='ltr'>dicitur.</span> <span class='ocrx_word' id='word_1_215' title='bbox 694 2369 814 2446; x_wconf 89' lang='lat' dir='ltr'>Phylius</span> <span class='ocrx_word' id='word_1_216' title='bbox 846 2369 925 2427; x_wconf 91' lang='lat' dir='ltr'>enim</span> <span class='ocrx_word' id='word_1_217' title='bbox 947 2369 1087 2430; x_wconf 88' lang='lat' dir='ltr'>Herculis</span> <span class='ocrx_word' id='word_1_218' title='bbox 1114 2374 1241 2433; x_wconf 88' lang='lat' dir='ltr'>consilio</span> <span class='ocrx_word' id='word_1_219' title='bbox 1275 2376 1357 2434; x_wconf 88' lang='lat' dir='ltr'>iussa</span> 
     </span>
     <span class='ocr_line' id='line_1_21' title="bbox 162 2467 1358 2555; baseline 0.01 -29"><span class='ocrx_word' id='word_1_220' title='bbox 162 2470 250 2544; x_wconf 87' lang='lat' dir='ltr'>pueri</span> <span class='ocrx_word' id='word_1_221' title='bbox 270 2469 415 2544; x_wconf 83' lang='lat' dir='ltr'>neglexit,</span> <span class='ocrx_word' id='word_1_222' title='bbox 449 2470 482 2528; x_wconf 92' lang='lat' dir='ltr'>id</span> <span class='ocrx_word' id='word_1_223' title='bbox 503 2473 587 2547; x_wconf 93' lang='lat' dir='ltr'>quod</span> <span class='ocrx_word' id='word_1_224' title='bbox 610 2471 709 2529; x_wconf 86' lang='lat' dir='ltr'>verbis</span> <span class='ocrx_word' id='word_1_225' title='bbox 731 2471 880 2546; x_wconf 89' lang='lat' dir='ltr'>corruptis</span> <span class='ocrx_word' id='word_1_226' title='bbox 900 2467 1039 2550; x_wconf 76' lang='grc' dir='ltr'><strong><em>βουλήσει</em></strong></span> <span class='ocrx_word' id='word_1_227' title='bbox 1061 2469 1093 2532; x_wconf 79' lang='grc' dir='ltr'>δὲ</span> <span class='ocrx_word' id='word_1_228' title='bbox 1113 2477 1163 2534; x_wconf 80' lang='grc' dir='ltr'><strong><em>τοῦ</em></strong></span> <span class='ocrx_word' id='word_1_229' title='bbox 1182 2469 1358 2555; x_wconf 76' lang='grc' dir='ltr'><strong><em>Ἡρακλέους</em></strong></span> 
     </span>
     <span class='ocr_line' id='line_1_22' title="bbox 162 2565 1357 2650; baseline 0.008 -22"><span class='ocrx_word' id='word_1_230' title='bbox 162 2565 310 2648; x_wconf 80' lang='grc' dir='ltr'><strong><em>ἀμελῆσαι</em></strong></span> <span class='ocrx_word' id='word_1_231' title='bbox 331 2565 389 2629; x_wconf 83' lang='grc' dir='ltr'><strong><em>τῶν</em></strong></span> <span class='ocrx_word' id='word_1_232' title='bbox 408 2566 608 2650; x_wconf 75' lang='grc' dir='ltr'><strong><em>ἐπιταγμάτων</em></strong></span> <span class='ocrx_word' id='word_1_233' title='bbox 628 2575 680 2631; x_wconf 85' lang='grc' dir='ltr'><strong><em>τοῦ</em></strong></span> <span class='ocrx_word' id='word_1_234' title='bbox 701 2567 803 2643; x_wconf 82' lang='grc' dir='ltr'><strong><em>παιδὸς</em></strong></span> <span class='ocrx_word' id='word_1_235' title='bbox 822 2589 885 2630; x_wconf 90' lang='lat' dir='ltr'>non</span> <span class='ocrx_word' id='word_1_236' title='bbox 907 2575 968 2630; x_wconf 91' lang='lat' dir='ltr'>dici</span> <span class='ocrx_word' id='word_1_237' title='bbox 989 2593 1052 2632; x_wconf 92' lang='lat' dir='ltr'>non</span> <span class='ocrx_word' id='word_1_238' title='bbox 1074 2575 1182 2650; x_wconf 88' lang='lat' dir='ltr'>potuit.</span> <span class='ocrx_word' id='word_1_239' title='bbox 1219 2577 1357 2650; x_wconf 89' lang='lat' dir='ltr'>Quorum</span> 
     </span>
     <span class='ocr_line' id='line_1_23' title="bbox 162 2665 1356 2758; baseline 0.008 -30"><span class='ocrx_word' id='word_1_240' title='bbox 162 2679 348 2730; x_wconf 85' lang='lat' dir='ltr'>structuram</span> <span class='ocrx_word' id='word_1_241' title='bbox 369 2680 404 2728; x_wconf 90' lang='lat' dir='ltr'>nt</span> <span class='ocrx_word' id='word_1_242' title='bbox 421 2673 602 2730; x_wconf 90' lang='lat' dir='ltr'>adiuvarent</span> <span class='ocrx_word' id='word_1_243' title='bbox 624 2673 677 2730; x_wconf 90' lang='lat' dir='ltr'>viri</span> <span class='ocrx_word' id='word_1_244' title='bbox 692 2672 786 2751; x_wconf 92' lang='lat' dir='ltr'>docti,</span> <span class='ocrx_word' id='word_1_245' title='bbox 808 2682 862 2732; x_wconf 89' lang='lat' dir='ltr'>aut</span> <span class='ocrx_word' id='word_1_246' title='bbox 876 2667 1042 2750; x_wconf 76' lang='grc' dir='ltr'><strong><em>συνέβαινεν</em></strong></span> <span class='ocrx_word' id='word_1_247' title='bbox 1062 2677 1109 2734; x_wconf 90' lang='lat' dir='ltr'>vel</span> <span class='ocrx_word' id='word_1_248' title='bbox 1132 2665 1264 2756; x_wconf 78' lang='grc' dir='ltr'><strong><em>ἠνέσχετο</em></strong></span> <span class='ocrx_word' id='word_1_249' title='bbox 1285 2699 1356 2758; x_wconf 91' lang='lat' dir='ltr'>sup-</span> 
     </span>
     <span class='ocr_line' id='line_1_24' title="bbox 162 2767 1357 2850; baseline 0.009 -21"><span class='ocrx_word' id='word_1_250' title='bbox 162 2773 325 2848; x_wconf 90' lang='lat' dir='ltr'>pleverunt</span> <span class='ocrx_word' id='word_1_251' title='bbox 353 2777 405 2830; x_wconf 91' lang='lat' dir='ltr'>aut</span> <span class='ocrx_word' id='word_1_252' title='bbox 434 2771 628 2831; x_wconf 88' lang='lat' dir='ltr'>indicativum</span> <span class='ocrx_word' id='word_1_253' title='bbox 658 2767 808 2850; x_wconf 76' lang='grc' dir='ltr'>ἠμέλησε1</span> <span class='ocrx_word' id='word_1_254' title='bbox 835 2792 1024 2834; x_wconf 87' lang='lat' dir='ltr'>revocavere.</span> <span class='ocrx_word' id='word_1_255' title='bbox 1069 2774 1158 2848; x_wconf 87' lang='lat' dir='ltr'>Quae</span> <span class='ocrx_word' id='word_1_256' title='bbox 1184 2781 1288 2838; x_wconf 87' lang='lat' dir='ltr'>omnia</span> <span class='ocrx_word' id='word_1_257' title='bbox 1315 2783 1357 2840; x_wconf 91' lang='lat' dir='ltr'>ad</span> 
     </span>
     <span class='ocr_line' id='line_1_25' title="bbox 162 2872 1357 2956; baseline 0.01 -28"><span class='ocrx_word' id='word_1_258' title='bbox 162 2873 263 2931; x_wconf 89' lang='lat' dir='ltr'>locum</span> <span class='ocrx_word' id='word_1_259' title='bbox 296 2873 517 2931; x_wconf 91' lang='lat' dir='ltr'>restituendum</span> <span class='ocrx_word' id='word_1_260' title='bbox 545 2872 667 2930; x_wconf 88' lang='lat' dir='ltr'>minime</span> <span class='ocrx_word' id='word_1_261' title='bbox 694 2873 769 2931; x_wconf 91' lang='lat' dir='ltr'>satis</span> <span class='ocrx_word' id='word_1_262' title='bbox 796 2882 876 2934; x_wconf 90' lang='lat' dir='ltr'>sunt.</span> <span class='ocrx_word' id='word_1_263' title='bbox 921 2873 1060 2950; x_wconf 89' lang='lat' dir='ltr'>Perlegas</span> <span class='ocrx_word' id='word_1_264' title='bbox 1090 2879 1180 2936; x_wconf 90' lang='lat' dir='ltr'>velim</span> <span class='ocrx_word' id='word_1_265' title='bbox 1209 2897 1247 2938; x_wconf 86' lang='lat' dir='ltr'>ea</span> <span class='ocrx_word' id='word_1_266' title='bbox 1276 2897 1357 2956; x_wconf 85' lang='lat' dir='ltr'>quae</span> 
     </span>
     <span class='ocr_line' id='line_1_26' title="bbox 162 2970 1353 3059; baseline 0.008 -28"><span class='ocrx_word' id='word_1_267' title='bbox 162 2976 365 3050; x_wconf 86' lang='lat' dir='ltr'>praecedunt;</span> <span class='ocrx_word' id='word_1_268' title='bbox 386 2991 594 3050; x_wconf 88' lang='lat' dir='ltr'>quaecumque</span> <span class='ocrx_word' id='word_1_269' title='bbox 616 2992 691 3050; x_wconf 90' lang='lat' dir='ltr'>puer</span> <span class='ocrx_word' id='word_1_270' title='bbox 713 2975 848 3050; x_wconf 87' lang='lat' dir='ltr'>quamvis</span> <span class='ocrx_word' id='word_1_271' title='bbox 870 2970 1036 3035; x_wconf 83' lang='grc' dir='ltr'><strong><em>ἀτοπώτατα</em></strong></span> <span class='ocrx_word' id='word_1_272' title='bbox 1050 2977 1219 3055; x_wconf 89' lang='lat' dir='ltr'>imperavit,</span> <span class='ocrx_word' id='word_1_273' title='bbox 1231 2980 1353 3059; x_wconf 92' lang='lat' dir='ltr'>Phylius</span> 
     </span>
     <span class='ocr_line' id='line_1_27' title="bbox 162 3074 1355 3157; baseline 0.01 -26"><span class='ocrx_word' id='word_1_274' title='bbox 162 3075 296 3150; x_wconf 81' lang='lat' dir='ltr'>perfecit,</span> <span class='ocrx_word' id='word_1_275' title='bbox 320 3083 352 3131; x_wconf 88' lang='lat' dir='ltr'>et</span> <span class='ocrx_word' id='word_1_276' title='bbox 371 3074 412 3133; x_wconf 87' lang='lat' dir='ltr'>ita</span> <span class='ocrx_word' id='word_1_277' title='bbox 433 3074 569 3150; x_wconf 88' lang='lat' dir='ltr'>perfecit,</span> <span class='ocrx_word' id='word_1_278' title='bbox 591 3083 679 3132; x_wconf 91' lang='lat' dir='ltr'>utne</span> <span class='ocrx_word' id='word_1_279' title='bbox 700 3075 731 3132; x_wconf 93' lang='lat' dir='ltr'>in</span> <span class='ocrx_word' id='word_1_280' title='bbox 752 3075 908 3134; x_wconf 88' lang='lat' dir='ltr'>levissimis</span> <span class='ocrx_word' id='word_1_281' title='bbox 923 3077 1047 3152; x_wconf 88' lang='lat' dir='ltr'>quidem</span> <span class='ocrx_word' id='word_1_282' title='bbox 1062 3080 1151 3139; x_wconf 91' lang='lat' dir='ltr'>rebus</span> <span class='ocrx_word' id='word_1_283' title='bbox 1163 3079 1257 3157; x_wconf 91' lang='lat' dir='ltr'>Cycni</span> <span class='ocrx_word' id='word_1_284' title='bbox 1272 3102 1355 3143; x_wconf 91' lang='lat' dir='ltr'>man·</span> 
     </span>
     <span class='ocr_line' id='line_1_28' title="bbox 164 3175 1355 3255; baseline 0.008 -22"><span class='ocrx_word' id='word_1_285' title='bbox 164 3177 237 3234; x_wconf 92' lang='lat' dir='ltr'>data</span> <span class='ocrx_word' id='word_1_286' title='bbox 259 3176 447 3252; x_wconf 81' lang='lat' dir='ltr'>neglegeret.</span> <span class='ocrx_word' id='word_1_287' title='bbox 492 3175 602 3251; x_wconf 89' lang='lat' dir='ltr'>Itaque</span> <span class='ocrx_word' id='word_1_288' title='bbox 622 3193 701 3251; x_wconf 91' lang='lat' dir='ltr'>quae</span> <span class='ocrx_word' id='word_1_289' title='bbox 724 3177 850 3235; x_wconf 87' lang='lat' dir='ltr'>tandem</span> <span class='ocrx_word' id='word_1_290' title='bbox 871 3179 1018 3236; x_wconf 89' lang='lat' dir='ltr'>mandata</span> <span class='ocrx_word' id='word_1_291' title='bbox 1039 3181 1122 3255; x_wconf 90' lang='lat' dir='ltr'>parvi</span> <span class='ocrx_word' id='word_1_292' title='bbox 1144 3185 1355 3255; x_wconf 89' lang='lat' dir='ltr'>aestimaverit,</span> 
     </span>
     <span class='ocr_line' id='line_1_29' title="bbox 164 3277 1355 3356; baseline 0.01 -22"><span class='ocrx_word' id='word_1_293' title='bbox 164 3295 254 3335; x_wconf 90' lang='lat' dir='ltr'>nemo</span> <span class='ocrx_word' id='word_1_294' title='bbox 286 3293 350 3334; x_wconf 90' lang='lat' dir='ltr'>non</span> <span class='ocrx_word' id='word_1_295' title='bbox 375 3277 585 3352; x_wconf 87' lang='lat' dir='ltr'>interrogabit:</span> <span class='ocrx_word' id='word_1_296' title='bbox 617 3277 816 3354; x_wconf 88' lang='lat' dir='ltr'>interrogabit</span> <span class='ocrx_word' id='word_1_297' title='bbox 848 3279 1041 3356; x_wconf 89' lang='lat' dir='ltr'>nequiquam.</span> <span class='ocrx_word' id='word_1_298' title='bbox 1085 3282 1181 3356; x_wconf 89' lang='lat' dir='ltr'>Quod</span> <span class='ocrx_word' id='word_1_299' title='bbox 1208 3285 1355 3346; x_wconf 89' lang='lat' dir='ltr'>Antonini</span> 
     </span>
     <span class='ocr_line' id='line_1_30' title="bbox 164 3377 1572 3468; baseline 0.01 -34"><span class='ocrx_word' id='word_1_300' title='bbox 164 3377 323 3436; x_wconf 89' lang='lat' dir='ltr'>socordiae</span> <span class='ocrx_word' id='word_1_301' title='bbox 355 3377 549 3435; x_wconf 87' lang='lat' dir='ltr'>tribuendum</span> <span class='ocrx_word' id='word_1_302' title='bbox 577 3395 645 3436; x_wconf 91' lang='lat' dir='ltr'>esse</span> <span class='ocrx_word' id='word_1_303' title='bbox 678 3380 703 3436; x_wconf 87' lang='lat' dir='ltr'>si</span> <span class='ocrx_word' id='word_1_304' title='bbox 731 3379 894 3449; x_wconf 89' lang='lat' dir='ltr'>obtinebis,</span> <span class='ocrx_word' id='word_1_305' title='bbox 920 3390 1025 3439; x_wconf 90' lang='lat' dir='ltr'>tamen</span> <span class='ocrx_word' id='word_1_306' title='bbox 1053 3383 1230 3458; x_wconf 88' lang='lat' dir='ltr'>scriptorem</span> <span class='ocrx_word' id='word_1_307' title='bbox 1253 3389 1355 3465; x_wconf 90' lang='lat' dir='ltr'>aliquo</span> <span class='ocrx_word' id='word_1_308' title='bbox 1445 3440 1447 3449; x_wconf 90' lang='lat'>.</span> <span class='ocrx_word' id='word_1_309' title='bbox 1480 3449 1483 3456; x_wconf 74' lang='grc'>,</span> <span class='ocrx_word' id='word_1_310' title='bbox 1569 3459 1572 3468; x_wconf 75' lang='lat'>.</span> 
     </span>
     <span class='ocr_line' id='line_1_31' title="bbox 164 3478 1428 3556; baseline 0.009 -20"><span class='ocrx_word' id='word_1_311' title='bbox 164 3479 256 3536; x_wconf 93' lang='lat' dir='ltr'>modo</span> <span class='ocrx_word' id='word_1_312' title='bbox 278 3497 360 3538; x_wconf 87' lang='lat' dir='ltr'>nova</span> <span class='ocrx_word' id='word_1_313' title='bbox 381 3479 528 3554; x_wconf 91' lang='lat' dir='ltr'>imperata</span> <span class='ocrx_word' id='word_1_314' title='bbox 548 3497 616 3538; x_wconf 90' lang='lat' dir='ltr'>esse</span> <span class='ocrx_word' id='word_1_315' title='bbox 628 3478 732 3556; x_wconf 94' lang='lat' dir='ltr'>Phylio</span> <span class='ocrx_word' id='word_1_316' title='bbox 755 3481 923 3556; x_wconf 88' lang='lat' dir='ltr'>significare</span> <span class='ocrx_word' id='word_1_317' title='bbox 940 3482 1084 3540; x_wconf 90' lang='lat' dir='ltr'>debuisse</span> <span class='ocrx_word' id='word_1_318' title='bbox 1106 3488 1273 3546; x_wconf 90' lang='lat' dir='ltr'>tenendum</span> <span class='ocrx_word' id='word_1_319' title='bbox 1289 3491 1353 3552; x_wconf 89' lang='lat' dir='ltr'>erit.</span> <span class='ocrx_word' id='word_1_320' title='bbox 1426 3509 1428 3516; x_wconf 92' lang='lat'>·</span> 
     </span>
     <span class='ocr_line' id='line_1_32' title="bbox 165 3578 1356 3663; baseline 0.012 -27"><span class='ocrx_word' id='word_1_321' title='bbox 165 3578 326 3638; x_wconf 89' lang='lat' dir='ltr'>Perversae</span> <span class='ocrx_word' id='word_1_322' title='bbox 353 3581 558 3657; x_wconf 88' lang='lat' dir='ltr'>compilatoris</span> <span class='ocrx_word' id='word_1_323' title='bbox 586 3581 716 3640; x_wconf 86' lang='lat' dir='ltr'>fortasse</span> <span class='ocrx_word' id='word_1_324' title='bbox 745 3581 1004 3658; x_wconf 89' lang='lat' dir='ltr'>breviloquentiae</span> <span class='ocrx_word' id='word_1_325' title='bbox 1034 3584 1155 3644; x_wconf 92' lang='lat' dir='ltr'>attribui</span> <span class='ocrx_word' id='word_1_326' title='bbox 1182 3599 1298 3663; x_wconf 89' lang='lat' dir='ltr'>posset,</span> <span class='ocrx_word' id='word_1_327' title='bbox 1332 3593 1356 3650; x_wconf 88' lang='lat' dir='ltr'>si</span> 
     </span>
     <span class='ocr_line' id='line_1_33' title="bbox 163 3669 1562 3763; baseline 0.011 -27"><span class='ocrx_word' id='word_1_328' title='bbox 163 3680 311 3756; x_wconf 83' lang='lat' dir='ltr'>legeretur</span> <span class='ocrx_word' id='word_1_329' title='bbox 332 3669 483 3758; x_wconf 74' lang='grc' dir='ltr'><strong><em>ἀμελήσας</em></strong></span> <span class='ocrx_word' id='word_1_330' title='bbox 503 3677 563 3756; x_wconf 84' lang='lat' dir='ltr'>(vel</span> <span class='ocrx_word' id='word_1_331' title='bbox 586 3676 719 3760; x_wconf 75' lang='grc' dir='ltr'>ἠμέλησε)</span> <span class='ocrx_word' id='word_1_332' title='bbox 742 3684 796 3740; x_wconf 85' lang='grc' dir='ltr'><strong><em>τῶν</em></strong></span> <span class='ocrx_word' id='word_1_333' title='bbox 817 3676 950 3760; x_wconf 75' lang='grc' dir='ltr'><strong><em>(ἄλλων)</em></strong></span> <span class='ocrx_word' id='word_1_334' title='bbox 965 3676 1173 3763; x_wconf 77' lang='grc' dir='ltr'><strong><em>ἐπιταγμάτων.</em></strong></span> <span class='ocrx_word' id='word_1_335' title='bbox 1200 3689 1355 3751; x_wconf 88' lang='lat' dir='ltr'>Narratio·</span> <span class='ocrx_word' id='word_1_336' title='bbox 1417 3717 1420 3724; x_wconf 89' lang='lat'>·</span> <span class='ocrx_word' id='word_1_337' title='bbox 1462 3719 1465 3729; x_wconf 88' lang='lat'><strong>·</strong></span> <span class='ocrx_word' id='word_1_338' title='bbox 1559 3718 1562 3726; x_wconf 67' lang='grc'><strong>’</strong></span> 
     </span>
     <span class='ocr_line' id='line_1_34' title="bbox 163 3779 1356 3869; baseline 0.013 -32"><span class='ocrx_word' id='word_1_339' title='bbox 163 3799 232 3840; x_wconf 91' lang='lat' dir='ltr'>nem</span> <span class='ocrx_word' id='word_1_340' title='bbox 252 3799 325 3839; x_wconf 92' lang='lat' dir='ltr'>vero</span> <span class='ocrx_word' id='word_1_341' title='bbox 348 3787 382 3838; x_wconf 92' lang='lat' dir='ltr'>ut</span> <span class='ocrx_word' id='word_1_342' title='bbox 403 3779 496 3840; x_wconf 92' lang='lat' dir='ltr'>hodie</span> <span class='ocrx_word' id='word_1_343' title='bbox 518 3783 655 3842; x_wconf 89' lang='lat' dir='ltr'>instituta</span> <span class='ocrx_word' id='word_1_344' title='bbox 681 3792 737 3852; x_wconf 84' lang='lat' dir='ltr'>est,</span> <span class='ocrx_word' id='word_1_345' title='bbox 770 3784 795 3842; x_wconf 93' lang='lat' dir='ltr'>si</span> <span class='ocrx_word' id='word_1_346' title='bbox 823 3784 889 3860; x_wconf 93' lang='lat' dir='ltr'>quis</span> <span class='ocrx_word' id='word_1_347' title='bbox 912 3793 1033 3845; x_wconf 91' lang='lat' dir='ltr'>attento</span> <span class='ocrx_word' id='word_1_348' title='bbox 1056 3789 1158 3848; x_wconf 89' lang='lat' dir='ltr'>animo</span> <span class='ocrx_word' id='word_1_349' title='bbox 1184 3793 1356 3869; x_wconf 87' lang='lat' dir='ltr'>perlustrat,</span> 
     </span>
    </p>
   </div>
   <div class='ocr_carea' id='block_1_3' title="bbox 1629 1381 1637 1411">
    <p class='ocr_par' dir='ltr' id='par_1_3' title="bbox 1629 1381 1637 1411">
     <span class='ocr_line' id='line_1_35' title="bbox 1629 1381 1637 1411; baseline 0 0"><span class='ocrx_word' id='word_1_350' title='bbox 1629 1381 1637 1411; x_wconf 72' lang='lat' dir='ltr'>l</span> 
     </span>
    </p>
   </div>
   <div class='ocr_carea' id='block_1_4' title="bbox 166 3962 362 3974">
    <p class='ocr_par' dir='ltr' id='par_1_4' title="bbox 166 3962 362 3974">
     <span class='ocr_line' id='line_1_36' title="bbox 166 3962 362 3974; baseline 0.01 -2"><span class='ocrx_word' id='word_1_351' title='bbox 166 3962 362 3974; x_wconf 73' lang='lat'>-----....</span> 
     </span>
    </p>
   </div>
   <div class='ocr_carea' id='block_1_5' title="bbox 162 4079 1470 4504">
    <p class='ocr_par' dir='ltr' id='par_1_5' title="bbox 162 4079 1470 4335">
     <span class='ocr_line' id='line_1_37' title="bbox 163 4079 1470 4160; baseline 0.015 -31"><span class='ocrx_word' id='word_1_352' title='bbox 163 4079 215 4141; x_wconf 87' lang='lat' dir='ltr'>der,</span> <span class='ocrx_word' id='word_1_353' title='bbox 233 4081 356 4148; x_wconf 86' lang='lat' dir='ltr'>aequales</span> <span class='ocrx_word' id='word_1_354' title='bbox 374 4098 432 4134; x_wconf 89' lang='lat' dir='ltr'>cum</span> <span class='ocrx_word' id='word_1_355' title='bbox 451 4084 564 4136; x_wconf 89' lang='lat' dir='ltr'>carmina</span> <span class='ocrx_word' id='word_1_356' title='bbox 580 4085 652 4138; x_wconf 89' lang='lat' dir='ltr'>illius</span> <span class='ocrx_word' id='word_1_357' title='bbox 672 4087 865 4140; x_wconf 86' lang='lat' dir='ltr'>obscurissimis</span> <span class='ocrx_word' id='word_1_358' title='bbox 883 4091 995 4142; x_wconf 88' lang='lat' dir='ltr'>vocibus</span> <span class='ocrx_word' id='word_1_359' title='bbox 1014 4091 1115 4160; x_wconf 83' lang='lat' dir='ltr'>repleta</span> <span class='ocrx_word' id='word_1_360' title='bbox 1134 4108 1188 4144; x_wconf 91' lang='lat' dir='ltr'>non</span> <span class='ocrx_word' id='word_1_361' title='bbox 1207 4095 1268 4146; x_wconf 82' lang='lat' dir='ltr'>satis</span> <span class='ocrx_word' id='word_1_362' title='bbox 1281 4095 1356 4148; x_wconf 88' lang='lat' dir='ltr'>intel·</span> <span class='ocrx_word' id='word_1_363' title='bbox 1467 4147 1470 4156; x_wconf 93' lang='grc'><em>,</em></span> 
     </span>
     <span class='ocr_line' id='line_1_38' title="bbox 162 4163 1464 4242; baseline 0.015 -24"><span class='ocrx_word' id='word_1_364' title='bbox 162 4167 285 4232; x_wconf 87' lang='lat' dir='ltr'>legerent,</span> <span class='ocrx_word' id='word_1_365' title='bbox 303 4171 362 4237; x_wconf 90' lang='lat' dir='ltr'>ipse</span> <span class='ocrx_word' id='word_1_366' title='bbox 380 4180 460 4238; x_wconf 86' lang='lat' dir='ltr'>poeta</span> <span class='ocrx_word' id='word_1_367' title='bbox 482 4167 610 4240; x_wconf 76' lang='grc' dir='ltr'><strong><em>γλώσσας</em></strong></span> <span class='ocrx_word' id='word_1_368' title='bbox 626 4191 692 4242; x_wconf 89' lang='lat' dir='ltr'>quas</span> <span class='ocrx_word' id='word_1_369' title='bbox 714 4183 858 4242; x_wconf 82' lang='lat' dir='ltr'>usurparat,</span> <span class='ocrx_word' id='word_1_370' title='bbox 877 4178 905 4228; x_wconf 90' lang='lat' dir='ltr'>in</span> <span class='ocrx_word' id='word_1_371' title='bbox 922 4179 1009 4230; x_wconf 87' lang='lat' dir='ltr'>lucem</span> <span class='ocrx_word' id='word_1_372' title='bbox 1031 4180 1123 4231; x_wconf 88' lang='lat' dir='ltr'>edidit.</span> <span class='ocrx_word' id='word_1_373' title='bbox 1160 4183 1282 4234; x_wconf 85' lang='lat' dir='ltr'>Ceterum</span> <span class='ocrx_word' id='word_1_374' title='bbox 1300 4184 1319 4235; x_wconf 92' lang='lat' dir='ltr'>l.</span> <span class='ocrx_word' id='word_1_375' title='bbox 1335 4185 1354 4238; x_wconf 90' lang='lat' dir='ltr'>l.</span> <span class='ocrx_word' id='word_1_376' title='bbox 1460 4163 1464 4170; x_wconf 34' lang='grc' dir='ltr'>Ι</span> 
     </span>
     <span class='ocr_line' id='line_1_39' title="bbox 163 4259 1354 4335; baseline 0.013 -27"><span class='ocrx_word' id='word_1_377' title='bbox 163 4260 225 4323; x_wconf 75' lang='grc' dir='ltr'><strong><em>περὶ</em></strong></span> <span class='ocrx_word' id='word_1_378' title='bbox 241 4259 296 4312; x_wconf 83' lang='grc' dir='ltr'><strong><em>τῶν</em></strong></span> <span class='ocrx_word' id='word_1_379' title='bbox 314 4267 436 4326; x_wconf 87' lang='lat' dir='ltr'>corrupta</span> <span class='ocrx_word' id='word_1_380' title='bbox 454 4268 521 4314; x_wconf 89' lang='lat' dir='ltr'>sunt.</span> <span class='ocrx_word' id='word_1_381' title='bbox 558 4263 711 4329; x_wconf 88' lang='lat' dir='ltr'>Complures</span> <span class='ocrx_word' id='word_1_382' title='bbox 735 4263 883 4327; x_wconf 87' lang='lat' dir='ltr'>glossarum</span> <span class='ocrx_word' id='word_1_383' title='bbox 906 4267 990 4318; x_wconf 83' lang='lat' dir='ltr'>libros</span> <span class='ocrx_word' id='word_1_384' title='bbox 1014 4269 1096 4320; x_wconf 83' lang='lat' dir='ltr'>fuisse</span> <span class='ocrx_word' id='word_1_385' title='bbox 1115 4277 1227 4335; x_wconf 85' lang='lat' dir='ltr'>constat;</span> <span class='ocrx_word' id='word_1_386' title='bbox 1251 4273 1354 4324; x_wconf 91' lang='lat' dir='ltr'>conicio</span> 
     </span>
    </p>

    <p class='ocr_par' dir='ltr' id='par_1_6' title="bbox 164 4343 1467 4504">
     <span class='ocr_line' id='line_1_40' title="bbox 164 4343 1467 4425; baseline 0.015 -31"><span class='ocrx_word' id='word_1_387' title='bbox 164 4343 193 4397; x_wconf 75' lang='lat' dir='ltr'>lv</span> <span class='ocrx_word' id='word_1_388' title='bbox 218 4345 255 4414; x_wconf 75' lang='grc' dir='ltr'><strong><em>τῷ</em></strong></span> <span class='ocrx_word' id='word_1_389' title='bbox 279 4349 358 4414; x_wconf 80' lang='grc' dir='ltr'><strong><em>τρίτῳ</em></strong></span> <span class='ocrx_word' id='word_1_390' title='bbox 379 4348 523 4416; x_wconf 76' lang='grc' dir='ltr'><strong><em>γλωσσῶν,</em></strong></span> <span class='ocrx_word' id='word_1_391' title='bbox 547 4352 701 4416; x_wconf 89' lang='lat' dir='ltr'>quibuscum</span> <span class='ocrx_word' id='word_1_392' title='bbox 725 4367 788 4403; x_wconf 82' lang='lat' dir='ltr'>sane</span> <span class='ocrx_word' id='word_1_393' title='bbox 811 4356 946 4419; x_wconf 87' lang='lat' dir='ltr'>quomodo</span> <span class='ocrx_word' id='word_1_394' title='bbox 970 4356 1124 4408; x_wconf 84' lang='lat' dir='ltr'>Schneideri</span> <span class='ocrx_word' id='word_1_395' title='bbox 1151 4359 1285 4411; x_wconf 88' lang='lat' dir='ltr'>inventurn</span> <span class='ocrx_word' id='word_1_396' title='bbox 1311 4362 1355 4425; x_wconf 86' lang='lat' dir='ltr'>(ad</span> <span class='ocrx_word' id='word_1_397' title='bbox 1458 4381 1467 4403; x_wconf 92' lang='lat'>··</span> 
     </span>
     <span class='ocr_line' id='line_1_41' title="bbox 164 4431 671 4504; baseline 0.022 -25"><span class='ocrx_word' id='word_1_398' title='bbox 164 4431 209 4495; x_wconf 83' lang='lat' dir='ltr'>srg.</span> <span class='ocrx_word' id='word_1_399' title='bbox 232 4432 291 4500; x_wconf 84' lang='lat'>123)</span> <span class='ocrx_word' id='word_1_400' title='bbox 312 4437 475 4504; x_wconf 88' lang='lat' dir='ltr'>concilietur,</span> <span class='ocrx_word' id='word_1_401' title='bbox 495 4438 538 4488; x_wconf 83' lang='lat' dir='ltr'>alii</span> <span class='ocrx_word' id='word_1_402' title='bbox 556 4439 671 4491; x_wconf 86' lang='lat' dir='ltr'>videant.</span> 
     </span>
    </p>
   </div>
   <div class='ocr_carea' id='block_1_6' title="bbox 164 4519 1354 4682">
    <p class='ocr_par' dir='ltr' id='par_1_7' title="bbox 164 4519 1354 4682">
     <span class='ocr_line' id='line_1_42' title="bbox 262 4519 1354 4606; baseline 0.014 -33"><span class='ocrx_word' id='word_1_403' title='bbox 262 4519 273 4557; x_wconf 88' lang='lat'>¹</span> <span class='ocrx_word' id='word_1_404' title='bbox 302 4524 354 4574; x_wconf 84' lang='lat' dir='ltr'>Vix</span> <span class='ocrx_word' id='word_1_405' title='bbox 374 4525 480 4576; x_wconf 84' lang='lat' dir='ltr'>defendi</span> <span class='ocrx_word' id='word_1_406' title='bbox 499 4532 588 4593; x_wconf 88' lang='lat' dir='ltr'>potest</span> <span class='ocrx_word' id='word_1_407' title='bbox 606 4528 691 4578; x_wconf 78' lang='lat' dir='ltr'>torma</span> <span class='ocrx_word' id='word_1_408' title='bbox 713 4525 835 4599; x_wconf 78' lang='grc' dir='ltr'><strong><em>ἀμέλησε</em></strong></span> <span class='ocrx_word' id='word_1_409' title='bbox 854 4539 992 4596; x_wconf 84' lang='lat' dir='ltr'>augmento</span> <span class='ocrx_word' id='word_1_410' title='bbox 1012 4535 1111 4585; x_wconf 88' lang='lat' dir='ltr'>omisso</span> <span class='ocrx_word' id='word_1_411' title='bbox 1131 4536 1191 4589; x_wconf 91' lang='lat' dir='ltr'>coll.</span> <span class='ocrx_word' id='word_1_412' title='bbox 1214 4553 1240 4603; x_wconf 89' lang='lat' dir='ltr'>p.</span> <span class='ocrx_word' id='word_1_413' title='bbox 1259 4549 1320 4600; x_wconf 86' lang='lat'>219,</span> <span class='ocrx_word' id='word_1_414' title='bbox 1338 4551 1354 4606; x_wconf 87' lang='lat'><em>7</em></span> 
     </span>
     <span class='ocr_line' id='line_1_43' title="bbox 164 4602 733 4682; baseline 0.018 -24"><span class='ocrx_word' id='word_1_415' title='bbox 164 4602 314 4680; x_wconf 68' lang='grc' dir='ltr'><strong><em>ἀρύσαντες,</em></strong></span> <span class='ocrx_word' id='word_1_416' title='bbox 333 4613 368 4663; x_wconf 89' lang='lat' dir='ltr'>de</span> <span class='ocrx_word' id='word_1_417' title='bbox 386 4630 437 4680; x_wconf 89' lang='lat' dir='ltr'>qua</span> <span class='ocrx_word' id='word_1_418' title='bbox 455 4615 523 4665; x_wconf 83' lang='lat' dir='ltr'>intra</span> <span class='ocrx_word' id='word_1_419' title='bbox 540 4631 566 4682; x_wconf 91' lang='lat' dir='ltr'>p.</span> <span class='ocrx_word' id='word_1_420' title='bbox 581 4627 595 4679; x_wconf 81' lang='lat'>3</span> <span class='ocrx_word' id='word_1_421' title='bbox 601 4627 614 4681; x_wconf 86' lang='lat'><strong>5</strong></span> <span class='ocrx_word' id='word_1_422' title='bbox 634 4623 733 4681; x_wconf 87' lang='lat' dir='ltr'>agetur.</span> 
     </span>
    </p>
   </div>
   <div class='ocr_carea' id='block_1_7' title="bbox 0 0 1651 5342">
    <p class='ocr_par' dir='ltr' id='par_1_8' title="bbox 0 0 1651 5342">
     <span class='ocr_line' id='line_1_44' title="bbox 0 0 1651 5342; baseline 0 0"><span class='ocrx_word' id='word_1_423' title='bbox 0 0 1651 5342; x_wconf 95' lang='lat' dir='ltr'> </span> 
     </span>
    </p>
   </div>
  </div>
 </body>
</html>
