3292 5342
757 380 940 438 „0-

152 579 234 640 tab.4
352 586 381 643 p.
394 583 462 641 204,
480 581 516 642 ι5
539 567 609 642 lego
625 583 695 624 cum
708 566 876 625 Munclrero
890 573 923 625 et
937 563 1171 626 Westermanno
1193 559 1245 645 ἀφ’
1267 548 1302 642 ἧς
1320 583 1376 641 pro
1398 561 1450 644 ἐφ’

256 652 292 747 ἧς
312 670 352 728 ob
374 686 464 728 usum
486 669 639 744 scriptoris
654 676 861 742 constantem
884 685 1069 744 quamquam
1091 661 1285 744 ὀνομάζεσθαι
1307 663 1356 726 ἐπί
1376 685 1450 736 τινος

255 770 375 830 Graece
394 770 455 828 dici
473 765 598 846 potuit1
618 768 669 842 (cl.
685 769 834 827 Kuehner
848 769 972 830 Griech.
988 765 1186 828 Gramm.112
1206 764 1224 846 ᾗ
1240 767 1299 841 483
1316 767 1340 840 Ι,
1356 782 1386 840 3,
1402 761 1447 843 d),

254 871 427 930 Antoninus
445 871 477 929 in
498 871 556 930 hac
578 870 752 928 elocutione
773 859 830 927 ἀπὸ
851 869 997 939 adhibuit,
1020 869 1057 929 cf.
1078 887 1107 944 p.
1128 883 1197 944 207,
1219 883 1258 942 23
1281 861 1332 927 ‹in'
1355 863 1448 926 αιίιιῖιν

254 966 390 1048 ὠνόμασε
415 967 480 1042 wig
508 967 628 1045 παῖδας
665 985 735 1045 223,
763 985 774 1027 1
810 965 860 1028 oin’
888 965 979 1028 αὐτοῦ
1000 963 1179 1047 Μαγνησίαν
1205 957 1447 1046 προαγόρευσιν,

253 1070 323 1140 228,
351 1067 409 1130 16²
433 1070 562 1144 Καῦνος,
589 1057 640 1150 oip’
666 1053 705 1130 οὗ
724 1061 805 1142 πόλις
824 1066 913 1142 ἐστίν,
950 1087 1020 1146 232,
1043 1086 1084 1146 29
1106 1065 1225 1128 Λυκίαν
1244 1065 1450 1146 μετωνόμασεν

252 1168 312 1234 ἀπὸ
332 1167 560 1232 πῶν...λιίκων.
599 1171 723 1229 Deinde
743 1165 792 1250 ἐφ’
814 1172 845 1230 in
866 1171 973 1230 codice
994 1180 1111 1248 puncto
1132 1179 1273 1230 notatum
1293 1178 1343 1228 est
1364 1169 1450 1244 quod

255 1291 324 1332 cum
340 1273 509 1331 admodum
526 1272 667 1349 exiguum
693 1273 742 1344 sit,
765 1273 823 1331 nisi
845 1272 1005 1332 fortuitum
1022 1273 1070 1344 sit,
1093 1289 1215 1331 omnem
1233 1271 1354 1330 dirimat
1375 1287 1450 1328 con·

255 1375 440 1435 troversiam.

353 1475 497 1546 Multum,
533 1477 590 1534 sed
622 1483 656 1534 ut
689 1475 808 1551 opinor,
842 1474 955 1534 frustra
987 1476 1178 1534 desudarunt
1214 1475 1267 1534 viri
1302 1474 1387 1532 docti
1419 1473 1450 1531 in

255 1586 398 1654 corrupto
430 1578 500 1636 loco
530 1596 561 1654 p.
585 1593 654 1652 204,
679 1593 716 1652 23
750 1575 800 1636 καί
834 1575 916 1655 παρὰ
947 1581 1027 1636 τοῦτο
1056 1573 1178 1648 πολλοὺς
1207 1570 1371 1636 ἀπολέσθαι
1403 1572 1451 1634 τὸν

256 1673 413 1738 Φάλαικον.
470 1678 517 1738 Ac
554 1699 595 1738 ne
631 1678 810 1738 Schneideri
846 1680 970 1754 quidem
1002 1688 1207 1737 commentum
1246 1677 1278 1751 (l.
1301 1696 1327 1736 c.
1358 1697 1387 1754 p.
1409 1676 1450 1751 48

255 1798 326 1840 ann.
352 1775 381 1854 ι)
404 1777 513 1838 πολλοῦ
534 1773 730 1840 barnuinum
751 1775 801 1837 τὸν
824 1775 973 1838 Φάλαικον
993 1776 1136 1855 placati:
1162 1781 1240 1838 viam
1261 1797 1384 1855 prorsus
1406 1778 1451 1836 di·

255 1899 373 1941 versam
392 1880 638 1955 vingrediendam
668 1897 739 1938 esse
766 1881 933 1955 contende,
964 1897 1035 1937 nam
1062 1880 1113 1938 illa
1135 1881 1226 1940 verba
1252 1879 1354 1954 spuria
1381 1895 1452 1937 esse

41 2007 59 2063 γ
113 2051 126 2072 1,
213 2001 218 2027 ι
230 2027 237 2059 r
254 1981 365 2051 iudico,
377 1999 458 2057 quae
469 1980 495 2038 si
507 1973 645 2042 einoldum
658 1981 876 2038 correxerimus
890 1977 985 2055 (idem
1002 1981 1148 2037 mendum
1162 1997 1193 2054 p.
1208 1993 1278 2055 207,
1296 1997 1332 2053 14
1353 1979 1452 2038 codici

115 2135 177 2184 ,ιη
206 2126 211 2152 ,
254 2083 371 2140 illatum
393 2099 463 2140 esse
486 2076 679 2156 videbimus),
701 2081 841 2138 restituta
863 2087 961 2137 erunt.
1004 2079 1116 2138 Dicere
1138 2089 1240 2139 autem
1261 2080 1357 2137 voluit
1370 2081 1451 2154 glos-

42 2219 71 2247 »,
112 2225 121 2252 f
257 2191 340 2242 sator
352 2191 514 2258 tyrannum
535 2182 567 2239 in
588 2181 639 2239 illa
654 2181 806 2239 seditione
828 2197 846 2236 a
869 2180 982 2237 civibus
994 2177 1188 2239 interfectum
1210 2199 1290 2248 esse,
1314 2181 1348 2239 id
1366 2181 1451 2258 quod

52 2257 126 2312 Ἣ
152 2285 159 2297 ’“
256 2293 319 2342 tam
345 2301 489 2360 perverso
516 2283 612 2339 modo
642 2281 729 2349 dixit,
761 2288 795 2338 ut
827 2280 852 2338 is
886 2279 937 2355 qui
965 2297 1002 2336 ea
1030 2281 1113 2359 legit,
1146 2283 1241 2340 etiam
1266 2282 1450 2341 sententiam

1 2428 3 2454 ,
61 2359 67 2426 '.
110 2377 124 2429 '·
162 2416 190 2438 .·
257 2384 439 2444 contrariam
459 2383 640 2457 intellegere
659 2381 766 2457 possit.
810 2380 920 2456 Neque
941 2382 1038 2458 magis
1062 2383 1174 2442 veritus
1196 2393 1244 2442 est
1267 2384 1451 2442 Phalaecum

1 2503 2 2518 ¹
105 2535 118 2562 ,
152 2517 200 2578 ,Ἤρ
229 2485 299 2567 1,υἰϊιι
326 2485 372 2544 bis
393 2485 573 2544 morientem
596 2478 734 2551 faceret
757 2483 824 2540 rudi
846 2491 951 2541 autem
977 2485 1071 2542 modo
1098 2503 1153 2561 per
1181 2484 1231 2544 καί
1253 2483 1333 2564 παρὰ
1359 2487 1449 2554 τοῦτο,

227 2579 231 2584 ’
255 2585 340 2662 quod
371 2587 455 2662 apud
483 2585 672 2645 Antoninum
699 2584 770 2642 alibi
796 2603 860 2643 non
887 2584 1006 2666 legitur,
1033 2605 1170 2662 pannum
1199 2605 1288 2646 suurn
1312 2586 1451 2662 genuinis

155 2687 163 2701 “
257 2685 355 2743 νειοῖο
373 2687 479 2746 assuit.

227 2857 229 2864 y
353 2805 384 2862 p.
411 2803 480 2862 204,
505 2801 542 2863 25
568 2786 695 2864 legimus
716 2782 875 2865 ἐμποιῆσαι
895 2784 958 2847 ἀντί
983 2777 1090 2848 meinos
1111 2785 1138 2847 δ’
1163 2784 1303 2865 εὐνομίαν
1323 2789 1396 2865 κτλ.;
1419 2784 1451 2848 δὲ

223 2868 227 2880 ’
254 2887 403 2964 particula
423 2888 581 2965 pristinam
607 2887 714 2946 sedem
740 2888 885 2958 deseruit,
915 2907 993 2966 quae
1018 2898 1090 2965 post
1120 2885 1280 2967 ἐμποιῆσαι
1308 2889 1372 2950 fuit.
1414 2890 1451 2947 Id

256 2989 341 3064 quod
367 2989 461 3048 tribus
488 2987 683 3048 continuatur
710 2989 821 3050 causis.
865 2989 970 3061 Prima,
996 2991 1083 3069 quod
1106 2987 1266 3068 ἐμποιῆσαι
1287 2991 1452 3068 opponitur

225 3149 227 3159 .
255 3091 366 3148 παῦσαι
380 3090 579 3166 praecedenti
592 3090 753 3161 infinitivo;
769 3092 871 3164 altera,
888 3093 973 3168 quod
985 3088 1018 3152 di
1031 3100 1140 3170 quarto
1152 3091 1371 3150 enuntiationis
1383 3093 1451 3148 loco

167 3260 171 3270 ι
256 3189 295 3247 ab
310 3189 466 3249 Antonino
483 3208 635 3267 nusquam
652 3191 830 3263 collocatur;
851 3192 947 3272 tertia,
963 3195 1047 3268 quod
1069 3193 1305 3270 transpositione
1321 3193 1452 3269 probata

255 3289 372 3350 hiatum
386 3309 478 3369 quem
497 3293 593 3351 rarius
608 3292 736 3370 scriptor
751 3293 912 3352 admisisse
929 3296 1104 3354 censendus
1121 3304 1176 3366 est
1194 3294 1282 3355 iacile
1294 3295 1421 3354 vitamus
1429 3289 1450 3352 ⁵.

356 3490 367 3529 ²
385 3494 430 3546 Ab
449 3494 589 3545 Herodoto
608 3500 762 3545 structuram
781 3497 891 3546 mutuati
911 3503 972 3547 sunt
990 3495 1035 3546 alii
1052 3496 1127 3548 velut
1144 3496 1274 3546 Arrianus
1280 3512 1288 3554 ;
1306 3496 1338 3548 ci.
1350 3495 1452 3546 Gnrnd-

256 3583 344 3634 manni
362 3582 446 3648 ‘Quid
461 3583 488 3633 in
507 3583 658 3634 elocutione
668 3585 775 3634 Arriani
788 3585 929 3636 Herodoto
943 3579 1077 3638 debeatur²
1100 3586 1166 3638 diss.
1185 3585 1271 3638 Berol.
1290 3585 1358 3650 1884
1371 3601 1397 3652 p.
1409 3585 1452 3638 68.

354 3666 367 3706 2
385 3671 458 3736 Quae
477 3671 609 3721 tamenin
627 3672 804 3739 suspicionem
822 3674 933 3739 vocabo,
955 3674 989 3726 cs.
1008 3691 1034 3741 p.
1049 3685 1081 3740 25
1102 3674 1165 3724 diss.

355 3755 367 3792 ³
385 3759 587 3810 Dubitationern
606 3761 735 3825 quandam
753 3761 828 3811 inicit
845 3762 968 3812 medialis
987 3762 1070 3812 forma
1088 3761 1266 3832 (ciDindori.
1280 3760 1453 3812 thes.v01.11

257 3861 282 3911 p.
300 3847 387 3914 1525);
418 3846 573 3898 Schneideri
591 3853 678 3897 autem
696 3848 810 3898 lectione
829 3850 939 3916 probata
957 3850 1132 3917 discrepantia
1150 3865 1207 3900 curn
1225 3849 1257 3900 iis
1280 3865 1346 3915 quae
1365 3850 1453 3899 Diana

256 3934 375 3999 protulit,
394 3933 549 3985 debilitatur
567 3935 684 4002 quidem,
704 3943 788 3986 tamen
806 3953 861 3987 non
883 3937 1044 4002 infringitur;
1065 3940 1100 3990 cf.
1118 3955 1144 4005 p.
1158 3950 1217 4004 205,
1232 3951 1297 4004 zsq.
1316 3930 1453 3995 Φάλαικος

255 4015 410 4090 ἐτυράννευε
427 4021 472 4087 τῆς
489 4017 602 4085 πόλεως,
622 4019 734 4082 οὐδενὸς
752 4019 835 4078 αὐτὸν
854 4024 1008 4096 δυναμένου
1026 4023 1094 4079 κατὰ
1116 4027 1178 4086 «lior
1195 4024 1309 4080 ἀνελεῖν.

353 4107 366 4145 ⁴
383 4111 515 4162 Nonnulli
533 4128 591 4163 eam
610 4113 648 4163 sic
667 4114 792 4180 expedire
805 4115 962 4166 studuerunt
980 4115 1170 4184 difficultatem,
1182 4124 1212 4166 ut
1224 4124 1318 4183 postea
1326 4103 1453 4166 Φαίλλον

256 4207 403 4266 exararent3
430 4200 558 4252 Aelianus
577 4201 647 4252 enim
666 4202 698 4252 de
717 4209 770 4254 nat.
790 4203 869 4252 anim.
889 4203 956 4271 XII,
975 4216 1009 4266 40
1028 4203 1092 4254 dixit
1108 4198 1310 4273 Ἀμβρακιῶται
1330 4202 1372 4270 δέ,
1392 4202 1453 4255 ἐπεὶ

253 4283 302 4342 τὸν
320 4281 453 4356 τύραννον
471 4283 559 4342 αὐτῶν
580 4279 692 4343 Φαίλον
711 4289 818 4359 (melius
835 4280 974 4360 Φαίλλον)
994 4285 1164 4344 διεσπάσατο
1184 4292 1286 4360 λέαινα,
1304 4289 1405 4361 τιμῶσι
1422 4287 1452 4342 τὸ

256 4377 325 4439 ζῶον
343 4380 430 4429 αἴτιον
448 4372 537 4434 αὐτοῖς
555 4375 709 4447 ἐλευθερίας
726 4381 923 4448 γεγενημένον.
959 4381 999 4429 At
1017 4379 1130 4429 Ovidius
1148 4379 1176 4430 in
1193 4379 1272 4428 Ibide
1290 4377 1324 4444 (v.
1340 4390 1391 4443 500
1410 4380 1453 4430 ed.

255 4465 380 4535 Merkel.)
400 4465 498 4531 “sitque
517 4465 679 4517 Phalaeceae
698 4483 777 4518 causa
796 4467 889 4518 leaena
906 4465 1000 4518 necis'.
1026 4467 1157 4534 Equidem
1176 4483 1232 4518 earn
1252 4468 1453 4535 discrepantiam

255 4555 358 4607 minime
375 4544 561 4606 removendam
580 4571 639 4606 esse
658 4571 762 4617 censeo,
787 4557 905 4623 quamvis
927 4571 989 4608 sane
1001 4557 1021 4607 ii
1038 4557 1084 4623 qui
1101 4551 1216 4614 πολλοὺς
1226 4557 1389 4619 inducerent,
1408 4573 1454 4608 cur

257 4652 352 4711 postea
369 4632 499 4698 Φαίλλον
517 4660 570 4695 000
589 4645 618 4695 in
635 4651 783 4706 contextum
802 4646 959 4712 reciperent,
977 4645 1133 4710 intellegere
1152 4660 1206 4694 non
1225 4647 1365 4712 potuerim.

359 4731 371 4768 ⁵
392 4733 540 4786 Buecheler
558 4726 619 4786 ἇνιὶ
635 4726 737 4788 τούτων
755 4735 888 4802 expungit.
924 4735 967 4786 De
985 4734 1059 4786 hiatu
1077 4735 1222 4786 accuratius
1239 4735 1306 4788 inira
1323 4751 1405 4800 agaen.
