3292 5342
698 351 907 409 -,,-
1383 351 1396 378 .

196 513 323 577 tsecum
350 503 480 576 ducere’
509 517 659 592 significat
671 513 691 580 1.
737 518 984 580 Oblitterandum
1013 538 1086 596 ergo
1109 515 1181 594 μεθ’
1209 515 1299 580 αὐτοῦ
1319 520 1399 578 eius·
1447 522 1464 613 l'
1515 501 1557 603 ⁴4]

199 623 274 680 dem
296 623 426 681 fortasse
450 622 561 680 falsarii
584 623 636 698 qui
658 640 688 697 p.
706 637 776 696 227,
799 623 835 680 18
858 618 919 682 cirri
941 626 992 699 τῆς
1014 615 1183 700 θυγατρὸς2
1210 638 1278 680 cum
1306 620 1399 680 incul-
1419 631 1422 661 ³
1445 593 1555 687 wo

200 731 295 800 caret,
318 741 353 780 se
375 723 549 782 evidentiae
572 741 698 798 operam
716 742 829 782 navare
852 724 991 783 credidit.

301 843 329 900 p.
353 838 422 896 225,
446 839 480 897 13
511 819 574 883 ἐπεὶ
601 821 633 884 δὲ
659 819 730 901 πρὸς
755 820 786 884 τὸ
814 820 911 884 στενὸν
931 819 1054 896 ἐξίκοντο
1086 825 1137 882 τοῦ·
1157 815 1273 882 Πόντου
1294 819 1343 880 καί
1362 818 1398 880 τὰ

197 919 297 1002 σφυρὰ
317 920 520 1001 παρέπλευσαν
545 927 596 1007 τῆς
615 914 832 1004 Ἀργανθώνης.
867 927 902 984 Ι11
924 925 1029 1002 quavis
1057 924 1264 1000 geographica
1285 941 1398 1000 mappa

198 1045 219 1084 a
241 1025 372 1084 Graecia
396 1025 591 1100 navigantem
619 1026 698 1101 prius
726 1028 766 1084 ad
789 1025 996 1102 Arganthonis
1023 1024 1136 1084 montis
1161 1025 1280 1085 radices
1303 1043 1397 1101 quam
1484 1081 1487 1088 ,

199 1128 244 1186 ad
259 1126 431 1202 Bosporum
446 1126 610 1184 Thracium
631 1127 741 1186 deferri
769 1128 871 1186 videre
892 1127 977 1192 licet;
999 1126 1071 1184 ideo
1095 1126 1171 1184 alins
1193 1127 1396 1186 membrorum
1491 1120 1506 1157 '¹
1524 1143 1545 1208 J

198 1227 278 1284 ordo
301 1227 535 1285 constituendus
558 1237 605 1286 est
625 1228 710 1289 hice:
740 1225 801 1288 ἐπεί
823 1224 855 1288 δὲ
877 1224 911 1286 τὰ
933 1223 1030 1305 σφυρὰ
1053 1221 1254 1305 παρέπλευσαν
1272 1271 1279 1288 .
1297 1272 1304 1288 ,
1324 1273 1330 1287 .
1348 1224 1398 1286 καί

197 1323 267 1404 πρὸς
289 1322 320 1386 τὸ
342 1323 439 1387 στενὸν
458 1323 582 1399 ἐξίκοντο
604 1329 662 1388 κτλ.
1535 1396 1538 1408 .

297 1447 327 1504 p.
344 1443 414 1504 225,
433 1443 471 1487 22
494 1447 549 1504 pro
573 1432 713 1507 πανταχοῖ
736 1431 848 1490 rectius
872 1431 929 1490 erit
951 1425 1080 1512 πανταχῇ
1103 1430 1149 1487 vel
1169 1429 1325 1504 πανταχοῦ.
1531 1416 1598 1490 ’1³²⁰
1627 1441 1636 1457 '⁴

296 1549 325 1606 p.
342 1529 446 1600 226,8
477 1531 648 1590 secundum
682 1532 821 1590 codicem
850 1533 881 1590 iu
904 1549 965 1608 quo
986 1551 1012 1590 ει
1039 1538 1153 1608 puncto
1175 1537 1315 1588 notatum
1339 1537 1396 1605 est,
1415 1531 1468 1580 sab.
1482 1542 1514 1594 27

195 1650 253 1707 pro
279 1626 411 1705 στρατεία
433 1632 540 1690 melius
562 1628 677 1706 στρατιὰ
699 1633 902 1691 restituemus.
939 1633 1042 1708 Atque
1063 1633 1177 1691 ibidem
1197 1625 1255 1690 riui
1275 1625 1398 1702 ἀπλοίας

196 1732 250 1789 viri
273 1731 358 1788 docti
380 1750 540 1809 perperam
561 1734 759 1812 retinuerunt,
782 1753 854 1792 narn
869 1735 954 1792 elisio
973 1733 1150 1792 revocanda
1172 1739 1231 1808 est,
1254 1733 1396 1808 quando·

195 1834 323 1908 quidem
350 1827 408 1890 rial
438 1834 535 1892 octies
561 1835 580 1894 i.
603 1851 629 1896 e.
660 1835 734 1893 alias
765 1832 910 1911 semper³
938 1853 1006 1894 eam
1033 1853 1126 1911 passa
1152 1841 1216 1904 est;
1249 1832 1333 1890 idem
1354 1833 1396 1891 de

194 1934 308 1992 ceteris
330 1934 608 2010 praepositionibus
623 1937 714 2012 valet,
731 1953 825 2013 quare
846 1937 979 2011 corrigas
996 1954 1112 2013 quaeso
1134 1953 1164 2012 p.
1179 1950 1247 2004 221,
1264 1950 1296 1992 11
1320 1930 1394 2008 μεθ’

189 2031 318 2113 Ἐρμοίς
342 2051 412 2112 234,
431 2054 465 2095 21
492 2037 561 2114 παρ’
580 2032 736 2112 ’Ἀκαστους
761 2055 884 2112 232,12
907 2033 943 2096 δι’
966 2031 1059 2116 ἔργον.

296 2157 326 2214 p.
343 2139 414 2207 226,
434 2138 470 2196 18
492 2141 621 2215 praebet
643 2141 743 2198 codex
765 2133 859 2217 αὐτὴν
880 2136 906 2197 δ’
927 2137 1152 2216 οσταυροπύλου,
1180 2153 1260 2214 quae
1283 2137 1394 2212 depra-

192 2247 268 2298 vata
297 2258 364 2298 esse
394 2240 530 2298 librarius
553 2241 664 2298 lineola
686 2243 728 2297 ad
750 2241 918 2316 marginem
949 2239 1073 2316 appicta
1095 2223 1262 2296 luculenter
1283 2236 1394 2314 signifi·

193 2343 285 2402 cavit.
328 2341 498 2401 Muuckero
530 2349 697 2417 praeeunte
735 2342 870 2419 plerique
911 2329 1007 2418 αὑτὴν
1038 2347 1070 2397 et
1101 2327 1280 2414 ταυροπίλον
1312 2347 1394 2398 recte

192 2443 408 2501 emendavere.
442 2442 562 2501 Tamen
580 2441 655 2518 quid
679 2442 786 2500 litteris
809 2461 845 2502 oo
865 2441 1039 2500 faciendum
1061 2447 1154 2517 esset,
1176 2447 1248 2496 ante
1269 2437 1393 2497 Schnei-

193 2543 305 2601 derum
336 2561 376 2600 ne
404 2545 634 2620 perpenderunt
666 2545 800 2620 quidem.
844 2542 1021 2602 Schneideri
1048 2559 1118 2600 vero
1145 2524 1238 2616 ίίνομα
1270 2539 1393 2598 minime

189 2645 301 2719 placet,
334 2652 442 2720 utpote
477 2645 565 2721 quod
589 2662 713 2720 prorsus
737 2647 923 2722 superfluum
946 2652 977 2703 et
1003 2638 1187 2702 molestum4
1208 2641 1255 2703 sit.
1299 2641 1393 2717 Equi·
1424 2691 1430 2739 s
1458 2655 1465 2679 ='

192 2745 267 2802 dem
290 2745 345 2802 sub
368 2741 417 2806 0(
439 2745 534 2802 latere
560 2746 697 2831 suspicor
709 2730 759 2808 ΘῨ
774 2742 810 2822 (δ’
825 2740 843 2830 ἧ
856 2741 948 2820 θοός),
968 2745 1054 2822 quod
1069 2744 1198 2802 libenter
1212 2761 1230 2800 a
1246 2742 1392 2818 scriptore
1423 2747 1425 2755 ’
1444 2732 1476 2841 ssi
1566 2787 1568 2794 ,

191 2852 263 2921 post
287 2846 409 2921 longum
431 2843 642 2904 intervallum5
664 2842 741 2924 (erat
763 2866 790 2908 v.
810 2863 844 2920 13
864 2840 1009 2922 Ἄρτεμις)
1028 2841 1194 2904 additum6
1215 2843 1391 2920 accipimus.
1419 2886 1421 2898 .

191 2943 338 3003 Ceterum
365 2945 458 3002 verba
484 2946 558 3004 inde
583 2944 672 3005 anni
699 2943 730 3006 τὸ
755 2943 811 3023 μὲν
832 2941 919 3019 ἔθνος
939 2963 1036 3022 usque
1057 2947 1099 3005 ad
1121 2939 1300 3024 ταυροπόλον
1320 2963 1393 3002 num

191 3045 402 3106 Antoniniana
427 3047 495 3122 sint,
519 3047 551 3104 in
572 3049 674 3107 medio
701 3048 848 3126 relinquo.
893 3047 1043 3107 Conferas
1065 3047 1155 3107 velim
1177 3043 1216 3125 (v.
1242 3042 1290 3124 14)
1314 3043 1393 3123 παρὰ
1538 3049 1568 3066 ¹*
1635 3067 1636 3082 ¹

190 3139 241 3202 τὸν
260 3140 364 3220 βωμὸν
388 3139 475 3225 ἔφηνε
495 3142 607 3224 μόοχον
627 3167 695 3207 cum
718 3145 756 3226 (v.
784 3144 831 3226 18)
856 3145 935 3226 παρὰ
961 3144 1012 3207 τὸν
1037 3143 1140 3226 βωμὸν
1165 3141 1251 3226 ἔφηνε
1277 3148 1392 3223 ταῦρον,
1454 3130 1456 3138 ’
1491 3133 1494 3136 ’

191 3243 274 3302 Tum
293 3245 527 3322 animadvertas,
550 3266 640 3324 quam
661 3251 857 3308 incommode
878 3245 910 3308 τὸ
930 3242 988 3325 μὲν
1010 3243 1097 3320 ἔθνος
1119 3244 1210 3308 ἐκεῖνο
1224 3251 1279 3310 τῶν
1301 3235 1392 3324 νομοί·

189 3342 250 3404 dum
271 3347 313 3404 ad
334 3345 414 3426 παρὰ
438 3343 556 3407 Θόαντα
576 3345 626 3408 τὸν
647 3345 852 3427 Βορυσθένους
872 3347 964 3408 παῖδα
986 3367 1108 3408 annexa
1129 3349 1198 3408 sint.

291 3467 320 3522 p.
337 3447 406 3523 226,
427 3466 462 3524 ¹9
484 3445 558 3510 κατὰ
578 3445 610 3510 δὲ
625 3445 733 3529 χρόνον
755 3439 908 3527 iunipero»
921 3447 941 3509 ⁷.
976 3449 1096 3510 Collato
1118 3469 1146 3527 p.
1170 3465 1240 3525 202,
1258 3465 1296 3510 22
1318 3446 1391 3510 κατὰ

291 3677 302 3715 1
321 3679 359 3733 Cs.
372 3681 440 3731 Plut.
452 3681 497 3731 vit.
508 3682 564 3732 Cat.
574 3682 665 3733 maior.
685 3697 742 3748 cap.
756 3695 801 3746 17;
827 3681 887 3733 Dio.
901 3681 972 3734 Cass.
985 3694 1028 3744 41,
1039 3694 1068 3749 73
1089 3693 1131 3749 72,
1145 3695 1189 3746 143
1212 3681 1314 3733 Achill.
1331 3683 1388 3737 Tat.

190 3771 217 3834 6,
227 3781 252 3830 9,
263 3780 287 3834 5.
307 3769 402 3820 Conon
412 3785 479 3820 narr.
491 3770 535 3819 XI
544 3767 689 3837 ’Ἡρακλῆς
701 3765 770 3838 ὑπὲρ
784 3763 888 3821 Ὕλλου
905 3770 952 3821 τοῦ
970 3762 1079 3832 παιδός,
1098 3763 1131 3824 ὃν
1142 3809 1148 3823 .
1160 3809 1165 3822 .
1178 3811 1184 3824 .
1197 3763 1388 3838 συνεπήγετο’.

290 3853 303 3891 2
322 3857 368 3907 Ab
387 3857 522 3908 Herchero
544 3866 699 3925 expunctum
719 3859 737 3910 1.
749 3875 771 3911 c.
787 3875 812 3926 p.
827 3859 887 3923 318.

291 3940 485 4012 ⁸12·203‚23;
512 3958 613 4012 204,1;
640 3958 758 4012 205,12;
782 3958 905 4014 225,11;
929 3959 1051 4015 209,24;
1075 3958 1193 4014 2342173
1221 3949 1387 4015 236,30.32.

190 4033 300 4083 Ceteros
319 4033 396 4084 locos
417 4033 509 4085 afferre
528 4035 623 4088 taedet.
861 4102 886 4143 Ν

288 4150 301 4188 4
319 4155 508 4221 Compendium
532 4159 604 4208 vocis
627 4149 717 4227 ὄνομα
742 4158 829 4224 potius
856 4161 954 4212 Oesse
974 4158 1057 4224 solet;
1079 4159 1111 4211 cs.
1131 4159 1310 4208 wattenbach
1333 4157 1387 4211 An-

188 4241 289 4305 leitung
307 4258 352 4292 zur
370 4244 466 4307 griech.
485 4246 678 4312 Paltographie
699 4248 740 4298 ed.
752 4249 780 4297 11
797 4247 824 4296 in
844 4247 987 4313 appendice
1005 4264 1031 4313 p.
1046 4260 1085 4312 17,
1106 4255 1131 4298 et
1149 4247 1217 4297 infre
1234 4265 1260 4314 p.
1276 4261 1290 4297 2
1295 4259 1318 4312 5.

291 4327 303 4363 ⁶
321 4332 475 4382 Praesertim
493 4349 550 4383 cnm
569 4335 740 4400 praecesserit
757 4351 903 4401 pronomen
919 4335 1068 4386 reflerivum
1087 4328 1178 4399 αὑτήν.

290 4415 302 4451 ⁶
318 4415 351 4471 ‘H
368 4415 433 4477 θεὸς
445 4421 539 4485 legitur
556 4423 633 4474 etiarn
647 4440 672 4489 p.
684 4425 743 4484 216,
754 4437 779 4486 9.
793 4435 837 4489 11;
857 4436 918 4490 217,
929 4437 978 4488 273
998 4425 1114 4490 235,18;
1135 4436 1196 4488 227,
1207 4425 1240 4475 28
1253 4426 1311 4490 (ubi
1325 4419 1387 4482 τοὺς

190 4505 338 4556 Schneider
357 4508 423 4558 bene
443 4510 571 4576 explosit).
608 4512 662 4560 Ista
681 4512 714 4560 de
733 4528 785 4578 qua
804 4513 857 4562 dixi
876 4512 976 4562 lineola
995 4512 1133 4577 quinquies
1156 4513 1183 4568 in
1207 4515 1299 4564 codice
1319 4513 1386 4564 redit

190 4594 222 4643 ad
241 4611 265 4660 p.
278 4607 338 4661 210,
351 4608 377 4659 73
398 4608 458 4662 217,
470 4609 518 4664 333
538 4599 638 4664 218,1;
657 4610 774 4662 231,14;
795 4601 856 4663 236,
869 4601 950 4666 2;·cf.
961 4601 1098 4650 Wattenb.
1114 4600 1132 4652 1.
1145 4615 1167 4653 c.
1180 4617 1206 4666 p.
1217 4601 1258 4664 36.

289 4679 299 4716 1
317 4683 359 4734 Sic
381 4685 449 4735 enim
469 4686 497 4734 in
516 4685 609 4736 codice
626 4686 746 4750 legimus.
