3292 5342
718 319 923 378 „50-

225 487 286 546 cari
307 485 414 562 nequit
422 482 444 546 ¹.
487 485 616 544 Accedit
638 485 728 554 aliud,
753 501 791 542 ex
819 503 880 562 quo
902 482 989 562 ipsa²
1011 485 1160 546 Nicandri
1186 497 1218 546 et
1239 488 1317 548 Boei
1342 507 1427 566 poe-

225 595 309 646 mata
330 587 370 646 ab
394 587 552 645 Antonino
574 585 739 661 compilata
761 601 831 644 esse
854 587 1001 662 cognosci
1023 596 1136 663 potest.
1180 589 1300 665 Inspice
1324 591 1424 649 sodes

225 687 363 746 ordinem
386 686 564 760 fabularum,
594 703 670 762 quas
695 687 779 744 nullo
807 687 887 744 inter
915 705 985 745 sese
1007 705 1141 747 conexas
1163 689 1283 748 vinculo
1312 700 1422 750 tamen

136 766 138 776 ’
227 789 311 847 haud
333 797 450 847 temere
471 789 634 865 plerasque
666 789 708 846 ita
731 788 867 863 digestas
890 805 960 847 esse
990 806 1028 846 ex
1056 788 1134 847 hoce
1154 791 1313 867 intelleges
1344 811 1424 852 con·

226 899 343 968 spectu.
370 890 418 948 Ex
440 899 548 967 quarto
570 889 832 949 heteroeumenon
858 889 933 947 libro
957 891 1140 966 desumptae
1162 901 1233 949 sunt
1253 893 1334 955 labb.
1347 893 1375 972 8,
1388 910 1418 970 9,

231 1007 268 1050 10
298 991 410 1050 deinde
435 1006 483 1066 24,
509 1005 558 1070 25,
583 991 632 1070 26,
656 1004 703 1065 27,
729 991 777 1060 28,
802 1005 856 1066 ²93
890 1007 929 1048 ex
956 992 1051 1050 altero
1080 991 1312 1068 omithogoniae
1343 996 1420 1054 libro

227 1092 307 1152 fabb.
336 1091 380 1168 18,
411 1108 458 1168 19,
483 1109 531 1171 20,
556 1108 610 1168 ²¹3
643 1108 731 1167 porro
758 1091 891 1166 quaein
913 1108 1008 1148 unum
1030 1091 1293 1152 heteroeumenon
1313 1095 1421 1155 librum

228 1193 359 1253 collatae
375 1194 496 1252 fuerunt
511 1193 639 1267 fabulae,
663 1193 755 1250 etiam
778 1193 863 1268 apud
878 1193 1066 1251 Antoninum
1081 1190 1279 1269 iungunturl:
1303 1195 1383 1258 fabb.
1406 1215 1417 1255 1

226 1304 258 1353 et
284 1311 300 1352 2
326 1292 357 1373 (e
372 1297 463 1354 tertio
479 1291 577 1370 libro),
602 1310 639 1352 22
663 1302 695 1352 et
719 1307 757 1368 23
781 1287 812 1374 (e
828 1294 949 1370 primo),
973 1310 1013 1370 30
1028 1303 1059 1352 et
1076 1312 1112 1369 31
1138 1293 1188 1371 (ex
1204 1293 1323 1368 altero).
1345 1299 1419 1357 Sen-

225 1397 306 1454 tisne
330 1416 392 1475 quo
414 1393 558 1456 tendam?
581 1395 691 1454 Nonne
714 1397 755 1452 de
775 1396 982 1455 narrationum
1004 1395 1119 1454 illamm
1142 1397 1258 1472 origine
1280 1403 1421 1475 quaestio

226 1506 312 1555 extra
327 1517 449 1556 omnem
471 1499 532 1556 iam
546 1497 647 1574 posita
671 1505 719 1554 est
733 1492 983 1555 dubitationem?
1004 1495 1113 1572 Neque
1136 1516 1175 1554 eo
1198 1501 1284 1573 quod
1300 1500 1421 1560 fabulae

227 1600 350 1676 saepius
365 1600 451 1658 aliter
464 1599 633 1676 dispositae
649 1605 728 1669 sunt,
744 1598 898 1656 sententia
913 1605 1017 1656 nostra
1032 1595 1190 1666 refutatur,
1205 1598 1299 1657 immo
1316 1603 1422 1661 etiam·

228 1701 253 1758 si
281 1701 466 1776 refragantia
498 1719 539 1758 ne
567 1701 674 1776 loquar
694 1699 829 1770 timeam,
852 1717 943 1776 quam
965 1699 1096 1758 maxime
1118 1700 1322 1763 confirmatur.
1365 1705 1421 1762 Et·

228 1802 307 1860 enim
329 1811 449 1860 tantum
470 1803 580 1861 abesse
602 1801 752 1871 existimo,
775 1810 808 1858 ut
830 1803 968 1876 legentes
991 1803 1031 1860 de
1055 1801 1189 1859 fontibus
1212 1805 1422 1864 narrationum

225 1904 364 1978 genuinis
380 1904 525 1962 certiores
548 1903 611 1960 fieri
630 1902 777 1961 Antonini
791 1902 969 1972 interfuerit,
985 1911 1019 1960 ut
1042 1910 1149 1961 contra
1169 1905 1329 1964 abstrusae
1352 1924 1421 1966 eru·

227 2005 351 2063 ditionis
374 2013 502 2081 captans
524 2004 681 2080 gloriolam
704 2005 840 2062 diversas
865 2005 954 2062 aliam
976 2004 1101 2062 aliunde
1125 2012 1234 2080 petens
1266 2007 1421 2067 miscuerit

226 2107 349 2167 fabulas.
393 2107 493 2180 Quam
516 2107 756 2194 consulteenim
780 2106 811 2162 in
833 2107 931 2181 priore
953 2106 1046 2164 libelli
1068 2114 1155 2182 parte
1179 2106 1352 2167 Antoninus
1375 2109 1419 2166 fa·

226 2209 311 2266 bulas
334 2208 520 2284 disposuerit
541 2201 696 2285 (nimirum
718 2213 828 2281 postea
844 2207 1031 2284 defatigatus
1054 2202 1280 2286 emendetur),
1303 2229 1342 2266 ex
1365 2209 1421 2268 hac

225 2309 329 2366 tabula
351 2310 382 2367 in
403 2327 464 2386 qua
485 2307 609 2382 singulis
633 2306 750 2364 fabellis
775 2315 914 2365 auctores
937 2308 1045 2366 allatos
1063 2309 1204 2384 apposui,
1226 2310 1419 2386 intellegitur:

374 2411 453 2472 fabb.
489 2427 500 2468 1
530 2399 541 2590 q
595 2459 600 2471 .
639 2397 643 2408 ’
949 2409 1030 2468 fabb.
1063 2407 1081 2465 8

564 2458 720 2519 Nicander
1175 2510 1181 2524 ,

403 2556 420 2582 ,,
488 2528 503 2570 2
980 2553 996 2580 ,‚
1062 2525 1081 2585 9
1143 2509 1300 2570 Nicander

403 2657 420 2684 ,,
485 2631 503 2689 3
566 2618 667 2676 Boeus
978 2658 995 2684 ‚,
1044 2631 1081 2674 10

402 2757 419 2783 ‚‚
484 2731 504 2788 4
565 2720 720 2778 Nicander

402 2858 420 2984 :i
485 2831 503 2973 b
564 2913 728 2978 laneus*
980 2958 997 2985 ‚,
1046 2933 1080 2974 12

402 3059 419 3085 η
486 3033 502 3093 7
980 3057 998 3084 n
1047 3031 1083 3090 ¹3

980 2811 997 2838 „
1045 2786 1076 2827 11
1142 2773 1242 2832 Boeus

1110 2911 1121 3100 ἓ
1144 2963 1301 3022 Nicander

227 3250 328 3307 guntur,
349 3243 430 3294 altero
448 3243 613 3309 reperiuntur
624 3243 699 3300 loco:
717 3241 853 3308 Euphorio
867 3248 951 3292 autem
967 3243 1066 3309 primus
1081 3244 1133 3296 fab.
1148 3255 1187 3306 13.
1210 3242 1331 3293 Cetemm
1345 3243 1425 3294 valde

228 3331 330 3393 dubito,
349 3348 382 3382 an
400 3331 450 3383 fab.
474 3344 504 3396 14
530 3348 577 3398 pro
597 3326 778 3398 Ἀριστοτέλης
802 3325 969 3380 scribendum
989 3330 1024 3379 sit
1044 3323 1238 3400 Ἀριστόδημος
1256 3329 1302 3399 (cf.
1321 3332 1373 3384 fab.
1395 3334 1424 3401 8)

229 3428 272 3472 aut
284 3413 478 3490 Ἀριστόκριτος
497 3418 566 3487 (vide
585 3419 635 3472 fab.
659 3417 714 3485 11);
735 3419 768 3470 cf.
788 3417 881 3468 Cobeti
900 3434 953 3468 var.
972 3417 1032 3470 lect.
1053 3419 1095 3470 ed.
1115 3434 1167 3472 sec.
1187 3435 1212 3486 p.
1235 3431 1274 3484 14.

329 3505 339 3543 ¹
357 3509 517 3574 Temporum
537 3508 601 3557 ratio
620 3507 647 3556 in
664 3507 803 3556 afferendis
821 3507 993 3572 scriptoribus
1013 3507 1036 3556 si
1056 3507 1148 3557 habita
1168 3515 1216 3568 est,
1237 3515 1263 3559 et
1274 3508 1424 3573 Antigonus

228 3597 313 3648 multo
331 3598 402 3664 prius
422 3612 499 3662 quam
518 3594 740 3646 Wilamowitzius
758 3595 777 3648 1.
796 3595 814 3648 l.
834 3611 859 3661 p.
882 3607 927 3660 171
950 3595 1094 3656 contendit,
1113 3597 1186 3665 vixit,
1208 3603 1234 3646 et
1253 3597 1425 3665 Didymarchi

229 3693 299 3735 aetas
319 3685 405 3736 adhuc
424 3699 530 3750 prorsus
548 3683 637 3748 ignota
663 3683 690 3733 in
708 3684 859 3734 uuiversum
879 3682 984 3749 quidem
1003 3683 1136 3736 definitur.
1173 3686 1275 3735 Tamen
1304 3703 1360 3736 cum
1378 3687 1426 3737 Ni·

229 3775 325 3835 cander
355 3774 397 3824 cui
428 3773 537 3822 debetur
555 3771 701 3831 historiola,
730 3779 759 3822 ut
777 3771 857 3833 solet,
886 3772 999 3838 primum
1025 3771 1143 3823 obtineat
1169 3773 1265 3834 locum,
1284 3774 1426 3840 Apollonii

227 3849 288 3913 vero
299 3863 485 3930 epigrammata
499 3867 646 3922 extremum,
663 3860 758 3927 quibus
772 3867 867 3911 tactam
885 3861 968 3924 magis
986 3860 1101 3910 fabulam
1119 3877 1197 3928 quam
1215 3867 1343 3913 narratam
1364 3878 1425 3912 esse

227 3957 341 4017 apparet,
361 3951 470 4000 fortasse
488 3966 540 4016 quo
558 3950 670 4016 quisque
688 3950 722 3999 de
740 3949 817 3998 Batto
837 3949 922 3998 fusius
942 3949 1004 4012 egit,
1026 3965 1057 4000 eo
1075 3949 1147 4016 prior
1166 3965 1182 3999 a
1203 3949 1347 4000 scholiasta
1369 3950 1424 4001 col·

227 4039 336 4088 locatur.
375 4037 425 4088 Sed
446 4037 526 4089 satius
546 4045 585 4088 est
602 4037 823 4088 hariolationibus
842 4037 978 4091 abstinere.

325 4123 507 4177 2Κιιααείςὶιιε
536 4129 605 4178 enim
634 4126 738 4178 efonte
771 4127 927 4178 secundario
947 4125 1140 4178 Antoninianas
1165 4127 1288 4193 opinatur
1317 4125 1424 4178 haustas

228 4231 286 4266 esse
303 4215 480 4280 narrationes;
501 4215 533 4269 cf.
551 4215 569 4269 l.
587 4216 605 4268 l.
625 4233 650 4283 p.
672 4227 685 4281 5
706 4231 764 4282 sqq.

326 4301 338 4338 Β
353 4305 418 4355 Plus
431 4304 512 4354 semel
525 4312 628 4372 praeter
641 4305 804 4355 Nicandrum
824 4310 850 4354 et
862 4303 965 4356 Boeum
978 4304 1054 4356 testis
1068 4304 1216 4356 nominatur
1234 4318 1287 4354 una
1299 4303 1424 4368 Corinna,

226 4393 303 4444 huius
322 4409 384 4444 vero
405 4393 509 4444 fabulae
528 4391 573 4460 (ro
592 4400 618 4443 et
638 4391 685 4462 25)
703 4409 757 4444 non
777 4393 927 4446 cohaerent.

324 4479 337 4516 4
355 4481 472 4532 Fabulae
492 4483 507 4531 6
527 4487 552 4532 et
573 4493 604 4546 14
623 4482 771 4534 coniectura
791 4497 837 4532 cur
855 4483 930 4534 Boeo
950 4479 1145 4542 vindicaverim,
1164 4487 1259 4548 postea
1279 4495 1423 4549 exponam

226 4571 390 4623 manifestum
411 4578 497 4622 autem
520 4587 588 4622 nunc
612 4580 661 4634 est,
684 4587 728 4624 cur
754 4572 807 4624 fab.
827 4573 860 4622 26
880 4577 972 4638 quarto
999 4585 1078 4637 quarn
1104 4570 1186 4621 altero
1212 4569 1424 4641 ἑτεροιουμίνων

226 4662 295 4712 libro
314 4663 429 4714 tribuere
448 4660 583 4721 malimus3
602 4659 634 4712 cf.
653 4676 678 4727 p.
692 4673 723 4726 43
746 4659 811 4711 diss.
1224 4647 1225 4650 ¹
