3292 5342
763 375 967 436 ..2g-

268 575 472 658 πρσςυτιέσχετσ
491 573 601 652 δώσειν,
622 577 648 639 εἰ
666 577 741 664 αιἰιῇ
760 583 812 658 ιης
825 573 901 658 ιῧρας
911 575 1054 658 ἐθελήσαι
1069 584 1121 658 τῆς
1133 575 1238 642 ἑαυτοῦ
1246 577 1429 660 χαρίσασθαι
1440 579 1462 643 ¹.

270 681 363 740 Paulo
398 689 470 757 post
501 700 528 740 v.
553 697 593 740 2ο
625 689 768 740 secuntur
799 699 879 758 quae
912 683 953 740 ad
983 699 1045 739 rem
1074 682 1206 741 attinent
1240 679 1288 740 καί
1324 678 1373 740 τὸν
1407 678 1465 758 μὲν

267 775 341 841 κύνα
364 779 413 841 καλ
433 777 482 842 τὸν
502 777 607 841 ἄκοντα
623 775 765 859 λαμβάνει
782 775 930 860 Κέφαλος.
974 781 1128 860 Cephalus
1151 801 1225 858 ergo
1248 783 1297 860 qui
1312 783 1385 841 nihil
1405 783 1465 842 nisi

268 882 401 941 iaculum
424 881 574 942 Procridis
600 883 716 961 petivit,
744 882 837 942 etiam
868 901 977 941 canem
1006 885 1135 960 accepit.
1179 881 1265 942 Uxor
1293 903 1364 942 vero
1393 885 1462 960 plus

268 1001 361 1058 quam
386 984 519 1042 coniunx
541 985 714 1060 postulavit.
737 983 872 1060 pollicita
895 1002 963 1043 esse
986 977 1127 1044 dicitur².
1159 985 1254 1058 Quod
1276 985 1350 1060 quid
1373 983 1463 1042 fuerit

77 1062 80 1070 ¹
124 1105 126 1112 ·
162 1129 165 1139 .
268 1082 378 1143 frustra
400 1083 637 1161 interrogamus;
665 1083 851 1143 dubitationi
870 1084 960 1160 igitur
981 1085 1030 1142 vix
1053 1085 1219 1143 obnoxium
1242 1093 1299 1153 est,
1321 1091 1393 1162 post
1411 1081 1461 1143 κατ’

267 1185 340 1262 quin
361 1179 436 1244 κύνα
462 1185 622 1246 exciderit:
643 1184 693 1242 καὶ
713 1174 827 1262 (κύνα)
849 1178 1052 1263 αρσςυτιὲσχετσ
1074 1180 1177 1245 δώσειν
1198 1185 1255 1244 κτλ.

366 1305 394 1362 p.
412 1300 482 1360 237,
500 1301 539 1359 24
572 1285 665 1343 verba
693 1280 730 1363 ἣν
759 1279 796 1343 ἂν
822 1281 854 1346 ἐκ
880 1288 935 1344 τῶν
958 1281 1117 1364 Τηλεβόαν
1141 1281 1217 1369 λάβῃ
1245 1303 1333 1344 suam
1356 1287 1462 1344 sedem

268 1383 482 1445 deseruerunt.
525 1385 615 1460 Quae
637 1393 709 1462 post
730 1379 809 1458 λείας
830 1381 868 1463 (v.
894 1384 945 1461 23)
968 1404 1119 1462 ponamus
1140 1396 1306 1464 propterea
1333 1405 1462 1445 necesse

267 1494 324 1556 est,
347 1487 433 1562 quod
454 1487 635 1564 Amphitruo
657 1488 873 1546 contra'solos
895 1487 1050 1546 Teleboas
1073 1485 1125 1565 (cl.
1148 1489 1249 1565 Apoll.
1269 1489 1306 1564 11,
1321 1505 1352 1562 4,
1368 1485 1461 1564 bsq.)

266 1596 455 1662 pugnaturus
479 1581 596 1651 fueriti
612 1588 754 1648 Ceterum
781 1585 937 1666 Τηλεβοῶν
959 1588 1070 1647 rectius
1091 1589 1294 1666 enatabimus,
1317 1589 1461 1666 quoniam

269 1683 414 1766 Τηλεβόαι
438 1697 470 1748 et
491 1689 616 1748 omnino
638 1689 778 1748 usitatius
802 1698 850 1748 est
872 1697 904 1747 et
927 1709 953 1752 ν.
979 1706 1017 1764 29
1041 1685 1089 1748 tut
1114 1685 1265 1768 Τηλεβόας
1285 1689 1461 1766 reperimus.

266 1789 418 1866 Displicet
438 1799 541 1849 autem
555 1791 649 1850 etiam
671 1809 697 1851 v.
711 1805 748 1848 22
772 1783 861 1867 εἴγε,
884 1808 953 1848 nam
975 1799 1010 1848 ut
1031 1790 1159 1850 alteram
1181 1791 1321 1850 voculam
1338 1791 1461 1850 omnino

268 1891 352 1968 apud
363 1892 552 1950 Antoninum
567 1891 679 1950 deesse
694 1891 743 1950 hic
758 1892 906 1966 omittam,
922 1899 1135 1966 exspectamus
1156 1891 1260 1968 potius
1281 1885 1311 1952 εἴ
1326 1909 1396 1966 πως;
1421 1893 1461 1953 cf.

266 2011 295 2068 p.
311 2007 380 2068 217,
398 1993 436 2051 28
458 1987 606 2064 ἱκέτευσεν,
627 1986 657 2052 εἴ
675 2013 734 2064 πως
754 1989 827 2078 αὐτῇ
841 2037 849 2053 .
863 2037 869 2053 .
882 1987 998 2051 δύναιτο
1020 1987 1157 2071 γενέσθαι
1179 2002 1211 2051 et
1239 2007 1309 2067 235,
1330 2011 1365 2070 13
1384 1989 1458 2053 ἒτιει·

266 2087 425 2172 ράθη..εἴ
444 2112 503 2164 πως
525 2087 604 2176 αὐτῷ
625 2087 750 2151 δύναιτο.

366 2194 436 2252 Non
458 2211 567 2252 sanare
590 2192 727 2268 contigit,
750 2210 829 2269 quae
852 2211 883 2268 p.
898 2205 967 2268 237,
985 2191 1023 2250 28
1046 2195 1188 2269 leguntur
1208 2193 1258 2254 nui
1271 2189 1461 2274 ἕαειδηἈμ-

266 2284 424 2375 φιτρύωνσς
444 2289 534 2365 ἰύντσς
554 2282 668 2372 ἐδεήθη
684 2287 881 2369 Καδμείων..
895 2337 902 2354 .
915 2288 1080 2352 συντίθεται
1097 2289 1288 2374 Ἀμφιτρύων
1308 2295 1366 2358 κτλ.
1401 2296 1463 2354 Ge·

266 2396 402 2454 netivum
424 2395 504 2453 enirn
528 2395 701 2454 absolutum
724 2392 791 2470 quis
815 2394 942 2452 tandem
966 2391 1190 2470 comprobare³
1211 2391 1335 2471 potest?
1364 2396 1460 2472 Aper-

267 2506 331 2556 tum
353 2506 400 2556 est
421 2497 452 2554 in
473 2514 615 2566 σσισυντσς
635 2493 750 2570 aliquid
770 2494 842 2550 novi
863 2494 969 2563 latere,
998 2495 1250 2573 quandoquidem
1271 2481 1460 2573 Ἀμφιτρύων

266 2597 454 2658 nominativo
477 2597 617 2655 restituto
639 2595 708 2654 illae
730 2595 881 2652 litterulae
905 2603 1078 2670 supersunt.
1110 2596 1229 2669 Quibus
1253 2597 1326 2672 quid
1348 2594 1458 2654 faciam

267 2701 384 2759 animus
412 2697 545 2774 ambigit.
589 2697 734 2756 Fortasse
763 2695 869 2753 subest
898 2687 967 2754 ὄσιιῖι
998 2698 1084 2772 quod
1107 2697 1287 2772 Apollodori
1311 2697 1461 2756 narratio-

266 2819 337 2861 nem
360 2797 391 2873 (l.
406 2795 472 2875 ιε.)4
494 2797 518 2858 si
540 2813 762 2874 comparamuS,
785 2797 827 2854 ita
842 2798 884 2856 ad
905 2797 1051 2856 orationis
1073 2807 1211 2856 tenorem
1233 2797 1461 2858 accommodari

266 2909 379 2980 potest,
400 2909 434 2959 ut
457 2899 549 2959 etiam
559 2895 734 2957 Antoninus
748 2895 1001 2972 Amphitruonem
1026 2895 1279 2956 aTbebanorum
1300 2917 1372 2974 rege
1387 2905 1461 2958 ante

266 3003 377 3062 bellum
399 3001 561 3080 parricidio
585 2997 739 3075 expiatum
762 3015 830 3056 esse
853 2997 952 3056 obiter
973 2998 1265 3060 commemoraverit.
1296 2999 1462 3060 Praeterea

266 3105 297 3162 in
317 3105 430 3163 eadem
452 3101 662 3160 enuntiatione
684 3100 777 3158 levior
798 3101 931 3158 eluenda
953 3109 1002 3158 est
1023 3101 1158 3160 macula:
1192 3111 1264 3177 post
1293 3105 1461 3179 συστρατεῦ-

266 3223 313 3264 σαι
337 3202 378 3283 (ν.
391 3201 444 3280 3ο)
466 3201 514 3262 καὶ
535 3220 627 3280 prave
649 3202 795 3260 intrusum
818 3209 866 3259 est
878 3197 900 3270 ὅ,
922 3220 983 3277 quo
1005 3201 1109 3260 deleto
1130 3203 1200 3278 lego
1222 3197 1307 3262 κύτιεὶ
1328 3197 1367 3280 δὴ
1386 3197 1459 3279 Ἀμ-

266 3301 393 3386 φιιρύων
408 3355 414 3368 .
430 3299 597 3384 ..ε’ύεήθη.
612 3352 618 3366 .
632 3351 638 3365 .
650 3307 862 3383 συστρατεῦσαι,
890 3297 917 3362 οἱ
944 3301 970 3362 δ’
994 3299 1069 3363 olet
1087 3298 1224 3384 ἔφασαν.
1244 3351 1250 3364 .
1269 3349 1276 3364 .
1298 3300 1463 3364 συντίθεται

264 3399 454 3488 Ἀμφιτρύων
474 3406 531 3469 κτλ.
563 3406 705 3464 Eandem
728 3412 910 3464 structuram
930 3404 1057 3482 legimus
1079 3423 1108 3480 p.
1124 3419 1193 3484 215,
1214 3422 1249 3481 13
1271 3401 1333 3466 ἐπεὶ
1355 3401 1387 3466 δὲ
1408 3401 1461 3465 αύ-

266 3505 347 3580 τούς.
361 3504 499 3590 ..λῃσταὶ
521 3495 748 3583 συνελάμβανον,
774 3499 802 3562 ui
828 3502 855 3564 δ’
882 3501 914 3564 ἐκ
936 3509 991 3564 τῶν
1019 3493 1136 3584 πύργων
1157 3498 1289 3582 ἔβαλλον,
1318 3509 1376 3584 πῦρ
1401 3499 1461 3567 ἔνι’·

265 3610 357 3687 βαλον
378 3603 539 3689 (aoristum
561 3624 616 3684 pro
641 3607 819 3681 imperfecto
841 3603 1065 3682 revocabimus)
1083 3599 1112 3664 οἱ
1133 3605 1242 3678 κλῶπες
1257 3603 1298 3678 εἰς
1318 3603 1354 3666 τὰ
1375 3601 1461 3668 οἰκία.

268 3709 442 3770 Pronomini
464 3725 536 3766 vero
559 3700 606 3766 ὅδε
627 3707 725 3782 priore
748 3707 816 3766 loco
837 3725 929 3766 nemo
951 3716 1098 3784 patronus
1120 3707 1248 3766 exsistet
1271 3709 1360 3770 serio.

366 3838 377 3878 1
395 3842 466 3892 Num
485 3840 594 3890 fortuita
612 3837 756 3890 similitudo
776 3853 835 3888 cum
854 3840 977 3906 anonymi
994 3840 1081 3892 verbis
1096 3839 1195 3908 (West.
1207 3841 1249 3894 ed.
1260 3857 1286 3908 p.
1298 3842 1359 3904 348,
1371 3843 1402 3892 16
1412 3844 1461 3910 sq.)

266 3927 403 4000 ὑπέσχετο
415 3970 420 3983 .
432 3969 438 3982 .
450 3969 456 3982 .
466 3921 608 4000 μηνύσειν,
627 3915 676 3980 ἐὰν
693 3921 765 3996 αὐτῷ
782 3926 828 3992 τῆς
846 3921 917 3993 ὧρας
934 3911 1150 3998 ύποχαρίσηταιὲ

365 4015 378 4054 ²
395 4019 497 4084 Nempe
516 4017 705 4068 animadvertas
724 4016 801 4067 velim
820 4017 1043 4083 praepositionem
1061 4013 1130 4086 πρὸς
1148 4019 1175 4068 in
1195 4019 1277 4069 verbo
1296 4019 1449 4086 composito.

366 4104 377 4142 Β
395 4107 469 4157 Talis
488 4105 626 4157 socordiae
644 4106 715 4171 apud
734 4105 899 4156 Antoninum
917 4121 950 4156 ne
969 4121 1048 4156 unum
1067 4107 1172 4173 quidem
1191 4107 1288 4171 legitur
1306 4107 1461 4174 exemplum,

267 4198 343 4248 aliter
361 4211 425 4247 vero
445 4195 564 4262 exempla
587 4210 616 4245 se
634 4193 740 4255 habent,
764 4211 829 4260 quae
847 4194 978 4244 Kuehner
994 4194 1011 4246 1.
1022 4209 1044 4244 c.
1062 4194 1304 4261 §49aac011egin
1328 4196 1361 4248 ci.
1382 4196 1460 4245 etiam

266 4284 381 4336 Useneri
403 4284 422 4336 l.
433 4299 454 4337 c.
464 4299 490 4350 p.
502 4295 535 4347 33
558 4279 619 4333 ‘den
641 4283 744 4346 genetiv
766 4283 903 4334 absolutus
926 4283 972 4333 bei
991 4283 1120 4346 gleichem
1144 4283 1254 4350 Subject
1276 4284 1322 4334 hat
1339 4285 1370 4336 P.
1389 4283 1461 4334 noch

266 4373 407 4424 mehrmals
419 4409 441 4425 ..
453 4411 459 4425 .
470 4378 522 4424 erst
540 4371 624 4422 durch
642 4366 891 4436 Verwahrlosung'.

364 4457 376 4494 ⁴
392 4452 583 4530 Ἀμφιτρύων.
596 4501 601 4513 .
613 4499 618 4511 .
630 4451 854 4528 παραγενόμενος
875 4461 913 4518 εἰς
931 4453 1021 4528 Θήβας
1042 4453 1097 4514 ὑπὸ
1121 4461 1257 4527 Κρέοντος
1280 4457 1399 4528 ἡγνίσθη

266 4547 313 4601 tut
333 4541 470 4614 Τηλεβόας
490 4541 626 4615 στρατεύει
641 4540 810 4618 Ἀμφιτρύων
827 4549 873 4598 καὶ
891 4541 1036 4615 παρεκάλει
1057 4547 1242 4614 συλλαβέσθαι
1262 4551 1393 4618 Κρέοντα.

365 4633 378 4670 ⁵
395 4636 474 4702 Quod
494 4636 649 4700 factum-est
665 4637 743 4687 etiam
760 4647 857 4706 paoy,
871 4649 902 4702 17
922 4644 949 4688 et
970 4647 1031 4700 232,
1044 4647 1066 4702 5.

365 4720 377 4760 ὓ
394 4726 426 4776 111
445 4725 538 4776 codice
557 4725 583 4776 ot
602 4723 628 4776 δ’
647 4718 695 4776 σύν
713 4725 860 4778 rectissime
881 4725 919 4778 sio
937 4731 1039 4776 exarata
1057 4731 1125 4777 sunt.
