3292 5342
666 397 875 458 „37-

273 570 392 638 Restat,
421 576 454 626 ut
481 561 559 638 νλααξ
583 559 721 644 εἰρημένα
744 585 823 642 quae
846 568 988 624 videntur
1010 563 1106 624 essel
1127 576 1180 625 aut
1201 586 1264 624 non
1286 585 1368 626 com·

170 679 345 730 memorata
366 669 424 726 nisi
447 687 465 726 a
488 668 641 726 veteribus
670 667 887 744 lexicographis
910 685 987 743 quos
1014 668 1211 744 appellamuS,
1240 669 1369 728 breviter

171 773 315 831 afferam:

277 871 305 947 1)
328 867 481 944 *ἄθορος
501 890 530 947 p.
548 887 619 946 215,
634 871 700 928 b:
715 865 871 948 ἀνάγοντος.

275 975 306 1048 2)
328 967 553 1048 *ἐκθομαίνω
575 991 602 1048 p.
621 987 690 1046 207,
708 972 757 1030 28.

273 1071 306 1149 3)
329 1069 547 1149 *ἕλλοβῶμαι
568 1091 597 1148 p.
616 1089 685 1142 211,
705 1089 752 1146 24.

271 1173 306 1250 4)
330 1171 564 1252 *θορίσκομαι
587 1193 616 1250 p.
639 1189 708 1250 227,
729 1191 770 1250 30
791 1196 831 1224 =
853 1163 1016 1251 θόρνομαα
1045 1175 1133 1232 deest
1157 1191 1206 1249 ap.
1232 1172 1368 1232 Curtium

166 1269 307 1335 ‘Griecb
333 1269 482 1334 Verbum’
504 1277 552 1335 ed.
577 1294 638 1334 see.
663 1276 720 1334 vol.
745 1275 758 1332 1
781 1294 810 1351 p.
828 1273 896 1349 283.

273 1373 305 1451 5)
327 1372 483 1452 κλεμμύς
502 1395 531 1452 p.
550 1391 618 1450 250,
637 1391 664 1448 5.
682 1376 710 1435 ὁ.
727 1376 760 1445 8;
784 1375 916 1452 Hesych.
934 1395 959 1436 s.
972 1397 999 1437 v.
1023 1394 1078 1451 per
1091 1363 1202 1452 χελώνη
1225 1374 1368 1449 explicat,

168 1477 306 1552 itemque
329 1478 482 1552 glossator
502 1479 534 1535 in
555 1477 689 1552 margine
714 1479 783 1536 cod.
808 1477 870 1536 Pal.

271 1580 304 1647 6)
326 1575 432 1656 *βύξα
458 1599 488 1655 p.
512 1595 583 1655 210,
607 1595 642 1652 15
670 1573 728 1654 (sic
749 1579 831 1636 enim
858 1581 889 1637 in
916 1580 1024 1638 codice
1049 1579 1166 1654 legitur,
1194 1597 1257 1636 non
1278 1571 1364 1653 βύζα,

168 1681 255 1756 quod
283 1681 434 1740 editiones
461 1677 630 1758 exhibent);
666 1700 695 1756 p.
718 1679 786 1750 216,
810 1695 848 1738 20
877 1675 972 1756 βύσσα
1001 1681 1065 1739 avis
1095 1698 1207 1738 nomen
1239 1679 1369 1736 occurrit

168 1781 257 1857 quod
279 1801 353 1840 uum
374 1782 456 1840 idem
478 1783 525 1850 sit,
549 1801 617 1840 cum
642 1781 810 1840 Munckero
832 1782 880 1838 vix
905 1781 1017 1856 ambigi
1039 1781 1119 1841 licet.

273 1879 304 1958 7)
330 1877 514 1960 *ἡέροπος;
542 1883 579 1942 cf.
601 1902 631 1959 p.
648 1899 688 1956 34
712 1883 782 1944 diss.

272 1981 304 2059 8)
328 1979 529 2065 *dpauovrig
549 2002 577 2061 p.
596 1999 664 2061 209,
681 2000 730 2059 30.

271 2077 305 2163 9)
328 2078 507 2161 *alutem
527 2100 708 2160 12219212·

255 2181 304 2260 10)
326 2179 507 2262 *oxotvarig
529 2206 558 2262 p.
576 2186 644 2260 208,
660 2186 687 2246 8.

271 2286 459 2344 Antoninum
490 2297 593 2345 tamen
623 2288 730 2346 abdita
756 2287 806 2344 illa
834 2295 866 2344 et
887 2285 1027 2360 quaesita
1049 2291 1248 2359 usurpantem
1274 2284 1367 2363 verba

168 2389 195 2444 si
219 2387 285 2462 quis
308 2388 473 2446 variandae
501 2389 643 2446 dictionis
666 2389 768 2447 studio
796 2387 959 2462 legentium
982 2385 1100 2444 animos
1124 2385 1279 2443 delectare
1301 2385 1366 2459 opi·

166 2499 268 2558 natur,
292 2488 423 2562 graviter
445 2498 534 2547 errat.
564 2488 646 2546 Sicut
667 2489 802 2565 plerique
826 2483 991 2546 Graeculi2
1013 2485 1199 2563 posteriores
1222 2485 1365 2543 incertis

166 2589 355 2648 dictionibus
385 2599 416 2648 et
437 2591 552 2649 voculis
579 2591 693 2666 haeret,
719 2609 795 2667 quas
817 2607 914 2664 usque
944 2589 985 2646 ad
1007 2585 1143 2646 taedium
1165 2587 1274 2646 iterare
1301 2604 1362 2644 non

164 2700 299 2751 veretur.
331 2692 456 2767 Repetit
471 2691 653 2766 aliquotiens
675 2699 756 2748 totas
772 2691 927 2766 periodos
944 2690 1039 2748 velut:

269 2811 298 2867 p.
325 2809 394 2867 214,
421 2793 457 2851 16
480 2811 544 2869 sqq.
572 2787 588 2850 ὁ
614 2787 645 2851 δὲ
667 2793 735 2862 παῖς
754 2788 817 2851 ἐπεὶ
839 2787 954 2868 τάχιστα
978 2776 1128 2869 ἠνδρώθη,
1157 2775 1234 2866 αἰνὴρ
1255 2782 1363 2867 ἐγένετο

164 2895 298 2973 γενναῖος
317 2892 366 2952 καί
389 2892 526 2954 πλείστων
547 2881 616 2971 ἦρξε
628 2938 635 2954 .
649 2942 655 2956 .
670 2892 738 2956 .καί
762 2889 845 2952 πόλιν
866 2886 980 2953 ἔκτισεν.

268 3016 298 3072 p.
314 3012 383 3070 250,
403 3011 437 3069 13
451 3013 517 3072 sqq.
541 2979 621 3066 οὗτος
637 2991 699 3054 ἐπεὶ
721 2990 837 3072 τάχιστα
855 2989 1002 3072 ἠνδρώθη,
1026 2990 1100 3072 ἀνὴρ
1122 2988 1231 3072 ἐγένετο
1251 2987 1363 3050 πάντων

164 3101 281 3176 κρατῶν
301 3096 350 3156 καί
372 3091 461 3157 ἔκτισε
485 3093 575 3158 πόλιν.

194 3199 244 3256 vel
268 3217 298 3275 p.
316 3213 385 3271 202,
401 3215 418 3272 3
442 3197 491 3257 καί
516 3186 534 3276 ἦ
559 3199 626 3270 παῖς
647 3193 735 3256 αὐτὸν
757 3194 878 3259 ἰδοῦσα.
894 3245 899 3259 .
915 3245 922 3258 .
938 3191 1064 3275 ἠράσθη.

266 3318 295 3374 p.
314 3314 383 3374 205,
402 3313 437 3374 27
462 3281 543 3369 οὗτος
562 3295 633 3356 ludu
658 3293 827 3375 Τιμάνδρην
846 3285 974 3375 ἠράσθη.

266 3419 296 3476 p.
315 3413 383 3473 225,
401 3399 439 3456 28
462 3397 510 3456 καί
532 3383 617 3456 αἰτὸν
638 3395 751 3457 ἰδοῦσαι
776 3393 907 3475 νύμφαι.
922 3443 928 3457 .
941 3446 948 3458 .
961 3391 1141 3475 ἠράσθησαν.

267 3517 297 3574 p.
316 3513 385 3574 255,
403 3514 417 3556 2
442 3481 522 3570 οὗτος
542 3495 611 3557 ἰδαλν
632 3495 686 3576 τὴν
709 3493 856 3578 θυγατέρα
868 3543 874 3560 .
888 3545 893 3559 .
908 3545 915 3559 .
928 3489 1055 3576 ἠράσθη.

166 3599 205 3660 cf.
229 3600 321 3658 etiam
345 3618 374 3675 p.
393 3615 462 3673 230,
479 3617 498 3674 4
521 3609 552 3657 et
573 3619 602 3676 p.
621 3616 691 3673 201,
709 3617 746 3676 23
759 3619 804 3678 sq.

196 3702 244 3758 vel
266 3720 296 3778 p.
313 3717 383 3770 212,
395 3715 432 3776 25
456 3694 550 3778 ἒᾳοίνη
570 3697 625 3778 γὰρ
647 3697 679 3760 ἐν
699 3697 798 3785 ἐκείνῳ
819 3704 858 3786 τῷ
874 3697 971 3788 χρόνῳ
990 3696 1068 3780 μέγα
1090 3723 1114 3760 τι
1130 3705 1235 3781 χρῆμα
1254 3696 1364 3773 λέοντος

166 3798 199 3860 ἐν
220 3798 373 3873 Αἰτωλοῖς.

267 3921 297 3979 p.
313 3918 384 3979 237,
397 3919 437 3977 24
455 3921 500 3978 sq.
532 3898 626 3981 ἐφάνη
647 3899 702 3981 γὰρ
724 3897 755 3963 ἒν
776 3899 856 3989 <τῷ>
873 3893 972 3988 χρόνῳ
993 3899 1083 3987 τούτῳ
1105 3902 1269 3981 Καδμείοις
1287 3890 1361 3965 οἷλαί-

166 4005 231 4083 αηξ,
250 3993 355 4083 χρῆμά
377 4025 401 4062 τι
422 3999 641 4082 ἐξηλλαγμένον.

267 4125 296 4182 p.
314 4105 383 4178 208,
401 4121 440 4162 20
462 4102 567 4184 θηρίον
586 4102 663 4185 μέγα
685 4105 734 4166 καί
753 4101 927 4186 ὑπερτμοέςῧ.

267 4226 295 4284 p.
312 4207 418 4281 2150
439 4210 528 4286 γῦπες
547 4201 690 4288 ὕαερφοές
710 4230 735 4268 τι
756 4208 804 4267 καί
825 4203 926 4288 μέγα4
944 4213 1058 4290 χρῆμα.

266 4360 277 4398 ¹
296 4365 400 4430 Quibus
419 4364 567 4416 asteriscum
585 4366 732 4432 praefigam.

267 4447 335 4502 2Cs.
353 4453 485 4503 Hercheri
507 4454 534 4504 in
553 4455 668 4505 editione
686 4455 773 4506 libelli
798 4457 831 4506 de
850 4456 937 4508 fluviis
954 4459 1034 4525 prael.
1056 4473 1081 4523 p.
1099 4468 1122 4522 5,
1145 4463 1171 4507 et
1188 4457 1305 4508 Roberti
1329 4457 1360 4506 de

167 4539 330 4606 Apollodori
349 4541 513 4592 bibliotheca
531 4559 557 4608 p.
568 4545 599 4594 41
621 4560 659 4610 sq.

267 4625 279 4663 ³
296 4629 336 4679 Cf.
357 4631 428 4682 Xeu.
448 4630 506 4696 Cyr.
526 4634 548 4692 1,
558 4633 610 4694 4,8
630 4632 735 4703 ἔλαφον
753 4628 837 4688 καλόν
855 4653 876 4686 u
898 4635 996 4705 χρῆμα
1015 4637 1060 4688 καί
1077 4637 1161 4704 μέγα.

265 4714 278 4751 ⁴
296 4717 335 4771 Cf.
355 4719 436 4770 Dion.
456 4719 518 4773 Hal.
539 4721 572 4771 de
591 4723 711 4775 Demzz
730 4719 868 4794 ὑπερφυές
885 4743 908 4776 τι
928 4727 973 4776 καὶ
992 4719 1083 4777 νλεινὸν
1097 4723 1201 4794 χρῆμα.
