3292 5342
716 347 924 421 ,56-

319 531 429 598 Scripsit
447 539 532 582 autem
550 532 645 582 librum
663 531 733 582 hunc
751 547 805 580 non
821 530 937 596 puerulis
957 531 1004 580 sed
1025 531 1136 597 adultis;
1156 530 1241 596 plagis
1261 531 1330 580 enim
1349 537 1424 580 esset

220 620 316 682 dignus
334 619 466 682 magister,
493 619 537 685 qui
559 621 610 671 sab.
630 630 654 684 5,
675 632 717 685 29,
737 631 771 684 34
790 635 843 668 non
863 619 1019 678 reticuisset,
1045 625 1074 668 ut
1092 618 1209 681 singulas
1229 635 1270 668 res
1288 625 1419 670 transeam

220 708 375 767 obscaenas
401 724 467 774 quae
486 708 610 771 leguntur
632 725 657 774 p.
678 721 738 768 211,
760 708 789 774 85
815 721 879 771 214,
899 721 946 772 223
977 719 1038 772 220,
1058 719 1107 772 325
1136 719 1194 767 222,
1219 719 1260 770 ι2;
1290 721 1351 774 227,
1372 721 1419 772 30;

221 808 281 859 230,
303 809 347 862 ιο;
368 808 429 863 234,
448 809 497 856 22;
517 809 577 862 237,
598 809 621 857 4.
659 798 780 862 Quocum
805 797 974 846 consentiunt
997 811 1064 862 quae
1087 812 1163 862 supra
1187 812 1213 862 p.
1235 809 1264 860 17
1293 803 1318 846 et
1341 813 1366 862 p.
1387 808 1421 861 50

221 885 431 951 disceptavimus.

318 977 440 1023 Aetatem
462 973 591 1022 Antonini
620 971 706 1038 capite
735 973 818 1022 altero
847 973 911 1024 diss.
939 989 965 1038 p.
986 975 1020 1036 36
1049 979 1075 1022 et
1095 986 1128 1033 40
1157 974 1190 1022 ad
1220 973 1364 1022 secundum
1390 989 1417 1038 p.

220 1059 280 1111 Chr.
306 1059 441 1110 saeculum
466 1061 643 1110 revocavimus
671 1060 706 1110 ob
733 1075 825 1110 causas
850 1076 915 1125 quas
939 1075 970 1110 ex
995 1076 1115 1110 sermone
1139 1061 1286 1127 petivimus.
1329 1060 1420 1109 Etiam

220 1163 315 1197 nomen
333 1142 512 1198 ‘Antoninus'
533 1148 690 1198 celebratum
709 1149 894 1215 imperatorum
922 1149 1075 1199 auctoritate
1106 1150 1140 1198 ad
1167 1149 1238 1198 idem
1265 1165 1314 1198 nos
1347 1149 1421 1198 ducit

221 1243 324 1301 tempus
332 1231 350 1294 ¹,
371 1236 464 1286 etenim
478 1237 592 1286 dubitari
605 1237 647 1286 vix
660 1245 756 1302 potest,
776 1237 839 1302 quin
858 1237 937 1287 suerit
955 1237 1093 1287 libertinae
1112 1237 1259 1303 prosapiae.
1298 1237 1418 1286 Ceterum

220 1338 304 1388 neque
332 1324 360 1374 in
379 1325 534 1374 Graecarum
562 1340 649 1390 neque
677 1325 705 1374 in
724 1326 873 1376 Latinarum
898 1325 1096 1390 inscriptionum
1121 1341 1230 1391 corpore
1250 1325 1417 1376 Antoninum

219 1411 370 1460 Liberalem
396 1412 483 1462 iuncta
506 1412 594 1462 inveni
614 1412 728 1465 nomina.
766 1414 904 1464 Utrumvis
932 1429 985 1463 non
1013 1429 1097 1462 rarum
1123 1430 1182 1464 esse
1206 1414 1249 1462 vix
1279 1420 1321 1462 est
1346 1414 1419 1478 quod

220 1499 313 1549 dicam.
345 1499 545 1576 Ultrantertium
564 1517 625 1550 vero
644 1518 669 1566 p.
686 1501 747 1551 Chr.
768 1501 903 1550 saeculum
923 1517 955 1551 ne
974 1501 1184 1567 progrediamur,
1204 1501 1280 1551 etiam
1301 1500 1353 1551 hoc
1372 1502 1418 1550 im-

220 1587 304 1652 pedit,
324 1588 395 1653 quod
423 1596 484 1638 tunc
514 1589 719 1655 acompilatore
744 1590 815 1655 ipsas
834 1589 962 1638 Nicandri
982 1589 1085 1638 fabulas
1104 1590 1234 1656 inspectas
1262 1606 1321 1639 esse
1348 1587 1419 1655 (num

223 1675 298 1724 etiam
310 1677 411 1726 Boeum
424 1676 510 1742 ipsum
521 1678 656 1744 usurparit,
677 1692 826 1741 nonaeque
847 1687 919 1726 certo
933 1677 1075 1726 diiudicare
1094 1678 1187 1728 ausimv
1209 1693 1262 1726 non
1279 1677 1418 1742 probabile

220 1771 273 1822 est;
294 1765 325 1813 cf.
338 1763 494 1816 Schneideri
506 1767 653 1816 Nicandroa
671 1783 698 1832 p.
718 1779 752 1831 70
772 1781 831 1831 sqq.
868 1767 964 1830 Neque
985 1765 1043 1815 sine
1061 1765 1128 1815 iusta
1141 1781 1221 1815 causa
1233 1766 1354 1815 Hercher
1372 1765 1418 1817 l.l.

221 1853 387 1904 scholiastam
406 1855 537 1905 Antonini
557 1855 607 1904 iarn
626 1855 703 1906 tertio
723 1854 830 1904 saeculo
852 1853 970 1904 floruisse
990 1853 1132 1906 contendit.

223 1979 421 1988 ——--—--.

319 2039 330 2079 ¹
355 2044 434 2108 Quod
452 2037 626 2094 ‘Antoninus‘
649 2044 772 2107 gentilicii
798 2045 911 2094 nominis
934 2043 995 2095 loco
1014 2045 1132 2095 traditum
1153 2052 1201 2104 est,
1221 2044 1253 2093 ad
1273 2043 1342 2094 tertii
1360 2061 1416 2092 sae-

221 2134 273 2183 culi
291 2133 390 2182 initium
411 2133 492 2196 magis
510 2149 586 2200 quam
606 2133 638 2182 ad
658 2133 733 2182 finem
753 2133 860 2183 alterius
880 2149 905 2199 p.
920 2133 980 2183 Chr.
1001 2133 1097 2183 saeculi
1120 2150 1169 2182 nos
1193 2133 1254 2182 duci
1271 2132 1417 2182 Buecheler

220 2240 261 2272 me
281 2223 391 2273 monuit.
