3292 5342
773 358 982 418 ..18-

276 539 317 606 ὅτι
348 545 411 619 ταῖς
438 541 541 618 αὐτοῖς
563 541 662 623 κόροις
687 542 845 626 ὀφθῖνλοός
868 541 941 623 ἐνῆν
964 541 1064 622 μέλος,
1098 543 1247 626 ἐχθαίρειν
1273 545 1306 610 δὲ
1332 538 1474 627 παρόντοιν

276 647 388 725 γλαῦκα
407 643 463 726 τὴν
484 642 575 726 ὄρνιν·
596 643 623 706 sl
644 641 676 706 δὲ
696 647 811 705 καλοῖεν
833 642 913 724 παρὰ
935 642 988 723 τὴν
1000 641 1147 725 Ἄρτεμιν,
1167 645 1344 729 νυκτίσοιτον
1357 645 1472 731 ἐλεγενῙ

276 750 372 822 μισεῖν
392 743 473 822 θεόν,
495 744 522 808 sl
546 743 578 808 δὲ
600 743 671 826 πρὸς
687 741 797 823 Ἑρμοῦ
815 741 948 819 σπονδάς,
970 742 1089 826 κλέπτην
1110 743 1206 829 ἔλεγεν
1226 747 1262 809 οὐ
1283 754 1369 828 τιμᾶν
1390 741 1471 813 θεόν.

276 849 390 908 Iterum
416 849 562 926 scalpello
584 850 734 908 utendum
755 855 817 906 est:
851 848 1025 907 excidenda
1046 852 1139 910 verba
1160 845 1199 910 ότι
1221 854 1284 924 ταῖς
1303 849 1404 924 αὐτοῖς
1423 849 1468 913 κό·

277 971 341 1028 ραις
361 946 519 1030 ὀφθαλμὸς
538 947 610 1030 ι’νῆν
629 944 728 1026 μέλας,
751 949 781 1006 in
801 949 911 1024 quibus
934 951 1120 1026 nequiquam
1134 952 1236 1011 adhuc
1251 971 1358 1012 omnes
1382 955 1471 1012 desu-

277 1052 400 1113 davere.
438 1052 560 1112 Etenim
580 1067 621 1110 ne
636 1051 822 1110 Toussaintii
845 1051 969 1126 quidem
991 1051 1179 1126 ingeniosam
1202 1054 1409 1112 coniecturam
1431 1049 1471 1113 ὅτι

275 1139 368 1231 οότῆς
392 1151 425 1228 (i.
456 1171 483 1212 e.
502 1149 649 1230 Ἀθηνᾶς)
674 1141 776 1230 κόραιςΙ
804 1146 857 1212 οὐκ
883 1147 956 1230 ἐνῆν
980 1148 1083 1228 μέλαν,
1113 1171 1193 1230 quae
1220 1156 1309 1215 nimis
1332 1157 1424 1232 longe
1454 1173 1473 1213 a

277 1253 397 1314 traditis
419 1255 517 1312 verbis
539 1249 636 1322 abest,
665 1254 825 1328 quisquam
848 1253 977 1328 probare
1000 1255 1122 1328 poterit.
1167 1254 1301 1314 Omnino
1322 1273 1386 1314 non
1408 1265 1473 1314 erat

277 1354 517 1431 Agrouicausa,
538 1356 624 1431 quod
639 1355 744 1412 odium
759 1355 904 1412 adversus
927 1354 1046 1412 caesios
1070 1356 1149 1414 deae
1165 1359 1269 1415 oculos
1288 1367 1469 1433 exponeret3

275 1455 332 1513 hos
362 1455 441 1515 enirn
470 1457 509 1516 ab
531 1455 666 1532 antiquis
686 1456 778 1531 vulgo
803 1443 930 1512 ‘sinon
951 1456 1086 1524 vitiosos,
1110 1465 1214 1515 tamen
1237 1458 1350 1516 vitiosis
1371 1459 1471 1534 proxi-

275 1575 344 1615 mos
366 1546 498 1616 censeri'
512 1553 644 1616 notum²
666 1565 722 1617 est.
754 1557 794 1614 At
816 1557 1025 1633 interpolatori
1047 1559 1121 1616 illud
1143 1577 1206 1616 nou
1228 1559 1299 1618 satis
1321 1568 1397 1633 erat,
1421 1559 1470 1635 qui

275 1659 405 1717 adderet
432 1646 531 1735 ‘quod
553 1657 663 1716 iisdem
686 1657 718 1731 (i.
733 1675 759 1718 e.
789 1657 825 1715 iis
847 1675 922 1733 quas
945 1658 1075 1732 scriptor
1095 1668 1188 1718 antea
1208 1657 1470 1733 commemoravit)

276 1759 440 1837 virginibus
464 1760 551 1836 niger
572 1760 678 1818 oculus
701 1749 784 1820 erat'.
819 1759 992 1817 Antoninus
1015 1761 1062 1817 vel
1084 1761 1187 1836 Agron
1211 1761 1358 1818 Antonini
1380 1761 1469 1818 dixis·

275 1870 322 1920 set
350 1861 411 1933 ταῖς
436 1857 587 1940 ἀδελφοῖς
618 1860 711 1918 etiam
743 1849 903 1938 ὀφθαλμός
931 1861 1091 1935 singularis
1123 1862 1292 1919 admodum
1318 1861 1466 1936 displicet.

277 1961 389 2020 Nescio
416 1977 488 2020 vero
516 1979 556 2020 an
582 1961 702 2035 longius
733 1960 876 2036 progredi
902 1969 1044 2036 oporteat
1076 1970 1108 2019 et
1136 1963 1229 2020 verba
1257 1957 1406 2040 ἐχθαίρειν
1439 1957 1470 2020 δὲ

275 2059 416 2142 παράπαν
436 2062 548 2142 γλαῦκα
571 2057 623 2139 τὴν
642 2055 719 2137 ὄρνιν
741 2061 808 2138 ipsa
830 2077 954 2136 quoque
968 2061 1123 2120 Antonino
1147 2063 1331 2122 abiudicata.
1369 2061 1470 2120 Causa

275 2164 363 2222 altius
385 2164 556 2240 repetenda
577 2170 633 2223 est.
671 2161 754 2234 Quid
777 2163 802 2220 si
823 2161 903 2219 ulula
925 2170 988 2220 tum
1010 2163 1135 2220 omnino
1158 2181 1220 2220 non
1245 2159 1332 2222 erat?
1369 2163 1472 2220 Mero·

273 2266 321 2342 pis
343 2273 454 2342 postea
476 2265 507 2322 in
529 2264 642 2322 ululum
664 2263 859 2332 convertitur,
893 2279 983 2338 quam
1006 2279 1093 2322 avem
1123 2264 1183 2322 iam
1205 2273 1297 2324 antea
1318 2265 1471 2321 exstitisse

275 2368 314 2426 ab
342 2367 489 2426 Antonini
517 2367 562 2424 val
590 2364 691 2441 potius
720 2363 794 2422 Boei
820 2364 973 2422 sententia
999 2365 1133 2422 alienum
1163 2373 1218 2426 est.
1263 2364 1363 2422 Boeus
1389 2364 1469 2420 enim

275 2465 438 2526 Athenaeo
461 2467 486 2526 si
508 2466 602 2525 fidem
624 2464 771 2524 habemus
794 2460 856 2540 (lib.
879 2465 923 2522 IX
944 2483 974 2540 p.
992 2461 1078 2542 398),
1103 2453 1237 2524 καθόλου
1321 2453 1414 2522 κιόντα
1435 2461 1470 2521 τὰ

276 2563 362 2646 ὄρνεα
383 2561 558 2646 ἀνθρώπους
578 2559 682 2641 ἱστορεῖ
705 2559 843 2642 πρότερον
863 2560 1009 2642 γεγονέναι
1019 2562 1040 2626 ³.

373 2687 403 2746 p.
424 2668 492 2738 216,
517 2666 555 2725 τό
588 2665 683 2724 levius
715 2665 942 2724 emendandum
971 2675 1019 2724 est
1051 2667 1194 2725 mendum
1230 2654 1246 2724 ό
1278 2661 1310 2724 δὲ
1340 2661 1470 2724 κάκεῖνον

185 2825 189 2846 ,
274 2767 407 2849 ἒαοῖησεν
436 2755 623 2847 ντοιακόρακα
647 2768 704 2825 κτλ.
748 2766 824 2825 Cum
847 2781 938 2824 nemo
961 2775 1083 2843 praeter
1104 2765 1265 2826 Eumelurn
1292 2767 1323 2824 in
1344 2763 1468 2824 νοκττκό·

95 2897 99 2910 ·
135 2938 141 2964 ι
274 2891 350 2950 ρακο
372 2877 574 2948 convertatur,
594 2866 643 2927 καῖ
658 2868 784 2926 voculae
807 2867 856 2926 hic
879 2868 979 2925 locum
997 2885 1061 2925 non
1075 2885 1144 2926 esse
1167 2868 1199 2925 in
1221 2867 1383 2925 manifesto
1406 2876 1467 2940 est;

161 2941 196 2967 ¹⁴
234 3007 240 3021 =
275 2973 448 3033 Antoninus
477 2970 594 3046 scripsit
622 2963 638 3028 ό
667 2964 699 3028 δὲ
725 2965 834 3028 ἐκεῖνον
860 2963 992 3046 ἐποίησεν
1018 2969 1085 3040 κτλ,
1113 2979 1147 3026 ut
1169 2979 1260 3028 antea
1283 2960 1302 3045 ἡ
1324 2961 1356 3027 δὲ
1376 2962 1470 3046 αὐτὴν

274 3070 407 3154 ἕαοίησεν
428 3082 461 3132 et
479 3067 590 3151 Ἑρμῆς
610 3067 641 3132 δὲ
662 3067 750 3131 αὐτὸν
769 3067 893 3149 ἐποίησε.
961 3085 969 3104 ·

155 3181 207 3234 sab.
221 3193 253 3242 19
372 3195 400 3253 p.
424 3191 534 3249 219‚4
564 3182 636 3232 ante
657 3171 759 3252 τροφοὶ
781 3172 909 3232 articulo
933 3171 979 3228 vix
1003 3187 1166 3247 possumus
1189 3188 1303 3238 carere,
1326 3169 1377 3246 qui
1399 3177 1470 3245 post
1530 3157 1536 3206 f

167 3323 170 3330 ⁴
184 3320 201 3349 ,,
227 3323 233 3346 .
274 3297 333 3337 -ται
355 3278 502 3353 syllabam
518 3274 646 3334 omissus
667 3283 731 3347 est3
754 3274 837 3331 idem
859 3273 1000 3331 inversu
1022 3272 1073 3348 qui
1095 3271 1385 3348 praeceditfactum
1408 3279 1468 3329 est:
1497 3296 1499 3305 ’
1530 3300 1534 3313 .
1570 3310 1573 3319 .

166 3363 169 3370 ¹
272 3373 422 3458 κατέχουσι
443 3372 476 3437 δὲ
497 3373 529 3435 τό
551 3370 655 3453 ἄντρον
674 3367 747 3452 (αἱ)
769 3367 844 3451 ἱεροὶ
864 3367 993 3449 μέλιτται
1013 3366 1086 3452 (ui)
1106 3369 1207 3450 τροφοὶ
1228 3374 1279 3430 τοῦ
1300 3360 1380 3442 Διός.
1530 3374 1533 3386 “

373 3497 403 3555 p.
421 3491 490 3551 219,
509 3491 543 3534 12
567 3495 623 3552 pro
645 3472 751 3534 κολοιοὶ
773 3475 880 3550 reponi
901 3482 1025 3550 oportet
1048 3468 1156 3543 κελεοί;
1177 3474 1239 3530 viro
1262 3471 1341 3530 enim
1364 3473 1416 3547 qui
1438 3473 1469 3528 in

274 3579 490 3656 cognominem
513 3594 601 3634 avem
616 3575 887 3634 transformabatur
906 3573 960 3649 (cl.
977 3583 1146 3633 ceterorum
1168 3573 1324 3632 hominum
1344 3574 1469 3631 nomina

273 3681 502 3756 tabularumque
537 3677 713 3737 laterculum
741 3693 771 3751 p.
796 3691 865 3754 201,
883 3671 924 3756 ε),
958 3693 1071 3734 nomen
1098 3674 1155 3732 fuit
1177 3671 1293 3747 Κελτός.
1339 3673 1470 3734 Accedit

273 3783 365 3843 aliud.
396 3781 442 3840 Ex
455 3779 649 3838 Artemidoro
672 3777 696 3846 I,
715 3791 755 3834 20
778 3785 809 3836 et
829 3775 882 3845 lV,
896 3776 935 3850 56
957 3771 1177 3847 uoloroigmale
1200 3776 1352 3834 ominatos
1376 3772 1479 3834 fuisse'

273 3884 484 3961 comperimus,
506 3881 686 3958 quibuscum
707 3879 855 3936 Antonini
877 3879 969 3936 verba
982 3873 1032 3935 καί
1047 3874 1119 3936 εῖοιν
1139 3871 1251 3953 ἀγαθοὶ
1272 3871 1407 3955 φανέντες
1420 3875 1469 3934 καῖ

273 3982 406 4055 ἐπιτελεῖς
425 3979 505 4061 παρὰ
526 3976 593 4051 τοὺς
613 3975 716 4050 ἄλλους
734 3973 857 4055 ὄρνιθος
878 3977 1030 4037 conciliari
1053 3986 1218 4053 nequeunt.

154 4093 254 4146 sabao
371 4103 401 4163 p.
420 4099 491 4160 219,
509 4097 545 4158 27
582 4078 636 4160 τὴν
660 4077 715 4160 γὰρ
740 4083 797 4140 τῶν
823 4074 897 4141 όνων
919 4073 1027 4138 θυσίαν
1047 4074 1080 4138 ἐν
1098 4071 1297 4154 Ὑπερβορέοις
1324 4071 1468 4154 ἀγομένην

274 4183 353 4272 alepi
375 4179 446 4244 καθ’
472 4179 577 4262 ἡδονὴν
598 4171 680 4242 εῖναι.
724 4181 845 4241 Deesse
867 4197 972 4238 vocem
993 4175 1084 4256 μόνος
1104 4195 1287 4256 quamquam
1308 4179 1361 4235 viri
1383 4176 1468 4234 docti

276 4301 475 4312 ...m-...u-

374 4349 385 4388 ¹
403 4357 433 4404 N
449 4345 645 4422 ῖφελκυστικόν
662 4349 741 4399 tacite
759 4347 858 4414 ubique
878 4362 893 4397 e
912 4347 1004 4396 codiee
1021 4345 1130 4396 restitui.

372 4435 441 4490 NJ.
459 4437 605 4505 Verheykii
626 4437 821 4487 annotationem
844 4436 914 4502 apud
932 4434 1070 4485 Kochium
1088 4449 1115 4500 p.
1132 4431 1190 4484 181.

372 4523 383 4560 ³
402 4527 476 4592 Quae
494 4527 538 4577 vix
551 4526 616 4576 alibi
634 4525 722 4574 loourn
734 4525 860 4576 habuisse
878 4539 956 4590 quam
975 4523 1003 4572 in
1020 4521 1155 4589 prooemio
1177 4519 1297 4570 carminis
1310 4515 1467 4568 Knaaclrius

272 4617 289 4666 l.
309 4632 332 4668 c.
350 4628 406 4683 p.9
427 4622 495 4666 recte
514 4613 683 4665 contendisse
701 4613 812 4666 videtur.
849 4612 939 4662 Aliter
948 4609 1170 4662 Wilamotvitzius
1188 4608 1297 4666 iudicat,
1315 4607 1360 4672 qui
1376 4621 1409 4654 ea
1421 4605 1467 4654 ho-

272 4707 368 4756 minem
388 4705 428 4754 cui
447 4703 565 4754 notitiam
585 4701 704 4754 carminis
724 4701 805 4750 debet
823 4700 989 4760 Athenaeus,
1007 4699 1039 4750 de
1058 4715 1105 4749 suo
1123 4697 1255 4748 addidisse
1279 4695 1426 4745 arbitratur.
