3292 5342
672 404 857 464 ..,..

165 580 223 643 est,
246 574 331 649 quod
352 591 381 649 p.
398 586 468 650 207,
488 587 523 648 17
547 570 595 632 acl
618 573 703 648 quod
724 580 796 631 ante
812 567 925 642 Ἄνθος
947 573 1129 631 collocatum
1151 582 1208 638 est.
1239 573 1362 637 tolerari

165 691 230 732 non
257 682 370 752 potest,
398 674 511 750 quippe
534 673 620 750 quod
642 673 815 732 Antoninus
841 681 894 731 aut
915 674 1085 748 repetiisset
1107 705 1145 716 —
1169 674 1227 733 hoc
1248 675 1277 732 ei
1302 676 1362 732 usi-

166 775 351 832 tatissimum
373 783 421 832 est
445 805 481 814 -
507 782 561 832 aut
582 773 707 832 omnino
732 775 857 832 nomina
881 767 1039 844 ἀσυνδέτως
1064 783 1287 845 enumerasset;
1321 773 1360 836 cl'.

166 894 198 952 p.
218 891 286 950 202,
308 875 354 936 18.
372 892 420 937 20.

267 995 295 1053 p.
313 992 382 1053 207,
399 993 438 1052 24
459 981 501 1037 de
522 977 654 1036 nominis
666 977 771 1035 Erodii
793 977 959 1054 veriloquio
979 995 1058 1053 quae
1073 978 1267 1053 proferuntur
1288 972 1361 1036 ὠνό-

164 1095 244 1152 μασε
265 1067 483 1154 ...Ἐρωδιὸν,
511 1075 574 1138 ἐπεὶ
595 1073 684 1136 αἰτὸν
706 1073 836 1156 ἡρώησεν
865 1067 880 1136 ὃ
904 1081 998 1155 χῶρος
1022 1079 1104 1136 nihili
1126 1087 1205 1140 sunt.
1248 1079 1362 1156 Xylan·

168 1173 249 1237 derl
276 1196 314 1236 ea
340 1179 385 1236 sic
412 1181 513 1238 vertit:
546 1175 711 1238 ‘Erodium
738 1179 908 1256 appellavit,
937 1181 1023 1254 quod
1048 1179 1148 1255 ipsum
1174 1157 1364 1239 destituisset

167 1269 265 1339 terra'.
309 1281 514 1356 Relragantur
543 1275 624 1358 ἕρωῶ
650 1281 733 1338 vocis
760 1288 791 1338 et
817 1260 1012 1356 εἰςηίᾗοαῐίἆ
1021 1271 1052 1336 et
1074 1286 1225 1338 structura
1234 1276 1256 1339 ².
1301 1280 1363 1338 Lo-

168 1368 285 1456 qu‘effiii
308 1381 542 1440 satisfecerimus
565 1382 642 1458 usui,
664 1382 690 1439 si
712 1381 918 1440 exarahimus:
940 1377 1001 1439 ἐπεὶ
1023 1375 1110 1452 αὐτὸς
1130 1376 1161 1452 (i.
1173 1400 1199 1440 e.
1218 1375 1363 1456 Erodius)

168 1471 299 1559 ἦρώησεν
319 1478 369 1540 τοῦ
386 1477 494 1560 χώρου,
515 1481 534 1542 i.
551 1500 576 1540 e.
596 1475 700 1557 ‘quod
721 1482 769 1540 ille
793 1500 899 1557 agrum
923 1471 1076 1541 deseruiti
1117 1483 1272 1557 Xylander
1292 1500 1364 1540 vero

1410 1211 1594 1400 Anti
1624 1237 1645 1310 l

1414 1445 1423 1521 ,i
1432 1441 1548 1517 (liras-rr]
1571 1470 1611 1519 esi
1627 1457 1636 1466 .

169 1582 222 1658 qui
252 1583 394 1658 vulgatae
422 1583 561 1642 lectionis
587 1583 681 1642 hodie
710 1583 816 1642 unicus
846 1582 914 1642 sons
942 1591 990 1641 est
1001 1579 1022 1652 3,
1050 1583 1165 1642 codicis
1187 1584 1364 1660 scripturam
1459 1644 1463 1664 Ι

170 1701 226 1742 suo
249 1679 373 1743 Marte4
394 1685 577 1744 emendasse
597 1685 726 1744 videtur.

271 1785 343 1858 Quo
364 1785 483 1860 longius
505 1786 721 1862 progredimur,
745 1802 783 1842 eo
805 1785 893 1860 peius
915 1785 1048 1844 narratio
1070 1785 1203 1843 mulcata
1218 1793 1279 1859 est;
1302 1785 1365 1860 igni

170 1894 201 1946 et
230 1886 311 1944 ferro
339 1905 416 1962 opus
444 1895 502 1955 est,
532 1895 567 1945 ut
595 1887 819 1963 ingenuinum
848 1893 963 1944 statum
995 1886 1136 1944 fabellam
1161 1887 1364 1947 restituamus,

169 1987 272 2063 Atque
292 1987 323 2044 in
345 1989 514 2064 glossarum
537 1988 614 2046 serie
636 2005 713 2064 quas
736 1994 966 2044 enumeraturus
994 2004 1071 2055 sum,
1097 1986 1194 2062 prima
1215 1987 1365 2046 invenitur

169 2105 199 2163 p.
218 2101 290 2162 207,
308 2102 356 2162 27,
387 2088 439 2146 ubi
466 2088 587 2146 Anthus
618 2106 672 2146 cur
698 2089 807 2146 iterum
834 2089 972 2145 tradatur
997 2087 1133 2146 Autonoi
1158 2086 1234 2145 filius
1263 2085 1365 2159 fuisse,

171 2188 307 2263 intellegi
328 2188 442 2264 nequit.
486 2189 604 2264 Nempe
627 2189 823 2265 repetitiones
845 2187 969 2264 reperiri
991 2190 1075 2264 apud
1097 2183 1310 2247 Antoninum⁶
1332 2195 1365 2244 ut

134 2353 137 2360 ,
172 2290 389 2360 concedamus,
411 2286 462 2348 τοῦ
472 2285 629 2348 Αὐτονόου
644 2289 711 2360 παῖς
732 2299 895 2366 postquam
921 2291 961 2346 de
984 2289 1093 2348 ceteris
1108 2289 1243 2346 Autonoi
1265 2287 1366 2345 liberis

173 2407 274 2448 sermo
297 2385 387 2458 tuitt,
409 2397 472 2448 tam
493 2389 603 2448 odiosa
618 2399 649 2448 et
670 2390 856 2467 permolesta
877 2391 996 2448 ratione
1018 2391 1059 2449 ad
1073 2389 1208 2448 Anthum
1229 2389 1366 2448 additum

275 2683 286 2720 ¹
304 2687 344 2738 Cf.
363 2685 456 2736 Koch.
474 2685 515 2738 ed.
533 2703 559 2752 p.
574 2687 606 2750 63
626 2686 703 2738 infra.

273 2771 381 2842 tepeat
402 2775 521 2824 Homero
541 2774 652 2824 maxime
671 2781 806 2842 acceptum
824 2781 917 2841 postea
941 2791 956 2824 a
980 2775 1066 2842 poetis
1087 2775 1276 2826 Alexandrinis
1295 2791 1367 2826 usur·

172 2869 264 2930 patum
280 2868 327 2915 est.
364 2862 501 2926 Significat
514 2869 601 2912 autem
613 2863 724 2929 primum
738 2863 873 2914 transitivo
886 2878 966 2913 sensu
984 2863 1142 2930 ‘depellere,
1155 2865 1274 2914 detinere
1288 2864 1367 2930 alqm.

173 2952 208 3002 ab
226 2951 314 3017 aliqua
325 2945 377 3018 re’,
391 2951 487 3000 deiude
496 2951 661 3000 intransitive
674 2951 752 3000 modo
765 2947 946 3017 ‘profundere
960 2952 1062 3011 cedere,
1079 2951 1207 3002 desistere
1226 2952 1260 3002 de
1278 2952 1368 3018 aliqua

173 3033 227 3098 re',
253 3054 305 3104 qua
328 3039 356 3087 in
376 3037 567 3102 significatione
591 3039 661 3104 apud
680 3041 825 3089 Homerum
844 3037 940 3107 ἐρωεῑν
962 3056 1016 3091 non
1034 3040 1116 3090 habet
1134 3041 1186 3090 nisi
1204 3041 1368 3106 genetivum;

174 3127 246 3194 apud
264 3126 432 3177 Theocritum
456 3141 519 3176 vero
543 3127 622 3190 XIII,
645 3139 678 3192 74
704 3133 730 3176 et
754 3128 864 3186 XXIV,
883 3139 930 3178 101
957 3129 1034 3178 etiam
1058 3129 1219 3179 accusativus
1243 3129 1367 3195 sequitur.

174 3216 256 3266 Unde
275 3230 335 3266 eum
354 3215 490 3266 Antonino
508 3215 552 3264 vel
571 3217 645 3266 Boeo
664 3230 742 3281 quem
761 3216 913 3281 compilavit
931 3217 1009 3282 prior,
1032 3216 1160 3282 imputare
1178 3233 1237 3266 curn
1258 3216 1368 3282 scriptor

175 3297 368 3372 ὀρνιθογονίας
387 3304 425 3353 vir
444 3319 505 3352 vere
514 3302 711 3354 Alexandrinus
730 3303 810 3352 suerit
826 3295 872 3371 (cl.
885 3304 1006 3356 Kuaack.
1025 3303 1042 3356 l.
1056 3321 1077 3354 c.
1090 3321 1116 3370 p.
1127 3302 1164 3372 3),
1184 3305 1296 3354 fortasse
1314 3321 1368 3355 nou

175 3391 341 3442 temerarium
361 3392 402 3443 sit.
439 3392 532 3456 Itaque
552 3389 612 3442 ἐπεὶ
629 3383 710 3447 αὐτὸς
727 3382 850 3458 ripoinum
867 3386 917 3442 τὸν
931 3391 1025 3459 χῶρον
1043 3393 1065 3442 si
1083 3393 1141 3459 quis
1153 3393 1267 3444 scribere
1280 3392 1368 3457 malet,

175 3479 297 3546 equidem
315 3479 387 3529 haud
407 3481 569 3546 repugnabo.
606 3478 752 3530 Buecheler
769 3495 829 3530 vero
848 3481 897 3532 sub
916 3473 999 3532 αὐτὸν
1018 3497 1116 3532 nomen
1133 3482 1275 3532 verbumve
1295 3480 1368 3530 aliud

177 3565 259 3617 latere
278 3565 430 3632 suspicatur.
967 3559 968 3562 ¹

277 3649 330 3704 3Ῐῖ,
352 3655 444 3705 codice
463 3654 584 3706 Palatino
610 3656 662 3706 duo
687 3655 733 3705 illa
755 3657 820 3707 solia
844 3657 987 3724 inquibus
1011 3658 1115 3710 fabulae
1136 3661 1161 3720 6,
1175 3671 1199 3727 7,
1215 3659 1230 3710 8
1249 3664 1368 3708 exaratae

176 3749 257 3804 erant,
276 3749 337 3810 post
353 3743 488 3809 Xylandri
506 3750 616 3794 aetatem
635 3744 724 3794 evulsa
742 3753 809 3796 sunt.

276 3825 368 3898 ⁴Ipse
392 3832 458 3882 dixit
475 3831 502 3882 in
521 3833 687 3884 annotatione
710 3835 743 3884 ad
763 3835 864 3886 fab.10
883 3852 909 3901 p.
923 3847 973 3902 315
994 3837 1035 3889 ed.
1055 3851 1118 3886 suae
1136 3835 1276 3896 Antonini,
1301 3851 1369 3902 quae

176 3920 278 3986 prodiit
290 3920 411 3971 Basileae
431 3921 507 3988 1568,
526 3920 620 3972 ‘multa
631 3923 730 3989 passim
748 3924 888 3990 perspicue
907 3925 1049 3990 depravata
1068 3941 1099 3974 ex
1112 3925 1219 3988 ingenio
1239 3940 1269 3974 ac
1288 3939 1368 3974 sensu

176 4008 288 4060 correxi:
308 4024 375 4074 quae
393 4009 482 4059 omnia
499 4016 624 4061 annotare
640 4027 693 4062 non
712 4018 767 4062 erat
786 4027 879 4078 operae
899 4011 1032 4078 pretium'.
1068 4013 1101 4061 In
1118 4012 1286 4063 annotatione
1305 4027 1368 4061 vero

178 4113 256 4162 quam
275 4098 309 4146 ad
327 4103 444 4148 nostrum
468 4098 556 4150 locum
575 4099 687 4166 scripsit,
705 4100 831 4164 legimus:
860 4100 923 4164 ‘ego
948 4095 1032 4153 αὐτὸν
1055 4100 1111 4164 legi
1134 4107 1160 4150 et
1183 4099 1302 4170 λειμῶνα
1319 4116 1368 4166 pro

176 4184 302 4254 χειμῶνα
318 4185 450 4253 reposui';
470 4187 624 4253 quibuscum
642 4190 770 4250 conferas,
789 4206 855 4256 quae
868 4191 901 4240 ad
921 4183 1004 4247 ὸῧτως
1022 4189 1058 4258 (p.
1070 4190 1129 4250 208,
1144 4187 1172 4256 3)
1191 4189 1369 4241 annotaverit:

178 4267 259 4324 ‘ciro
277 4273 339 4338 legi,
357 4286 415 4324 cum
433 4275 572 4340 reperirem
590 4267 688 4328 οὔπω.
728 4277 799 4342 Quid
818 4293 880 4341 ergo
900 4294 978 4344 supra
990 4277 1127 4345 invenerit,
1142 4278 1170 4327 in
1187 4267 1311 4340 arhbiguo
1330 4293 1368 4329 re·

178 4361 269 4411 lictum
287 4367 335 4414 est.

279 4447 291 4484 ⁵
308 4451 350 4501 De
369 4453 464 4518 quibus
481 4454 565 4505 altero
584 4454 668 4521 capite
686 4455 747 4507 diss.
767 4470 849 4518 agam.

238 4563 244 4592 v
279 4535 290 4573 ⁶
308 4540 405 4592 Mirum
424 4549 465 4593 est
483 4543 517 4594 de
525 4543 610 4594 Anthi
628 4543 740 4594 nominis
759 4543 904 4610 veriloquio
923 4543 986 4594 satis
1004 4541 1142 4608 perspicuo
1162 4541 1199 4591 nil
1216 4547 1293 4592 antea
1311 4559 1369 4609 pro·

182 4627 252 4688 ferri,
268 4628 296 4677 id
315 4630 388 4695 quod
407 4631 518 4683 fortasse
538 4631 715 4698 compilatoris
734 4633 916 4696 neglegentiae
936 4629 1103 4682 tribuendum
1125 4636 1170 4681 est.
