3292 5342
786 386 991 445 ..,4-

295 557 367 636 quin
388 557 498 616 lacuna
519 555 684 614 statuenda
704 555 751 624 sit,
771 554 911 614 dubitare
929 555 1046 631 nequit.
1073 554 1183 632 Neque
1205 555 1324 630 longius
1344 555 1491 631 progredi

294 661 410 726 liceret,
433 675 524 734 quam
545 665 579 714 ut
599 655 745 714 nonnulla
766 655 920 714 excidisse
942 663 1154 729 statueremus,
1178 657 1234 715 nisi
1249 655 1378 716 Ovidius
1400 654 1489 732 (met.

294 761 363 834 vn,
375 775 436 836 374
448 759 528 836 sqq.)
543 759 674 815 eandem
695 755 835 814 fabellam
856 757 988 814 breviter
1003 753 1197 832 astringens¹
1213 777 1252 816 ea
1267 757 1488 833 suppeditaret,

294 879 374 939 quae
397 861 446 918 hic
467 861 537 919 olim
558 860 638 918 lecta
660 858 750 917 luisse
771 858 915 933 srrspicor.
960 859 1054 918 Poeta
1076 859 1234 916 Romanus
1254 868 1373 918 narrat:

489 954 498 978 ‘
506 1005 740 1022 ............
751 977 824 1018 nam
845 957 978 1035 Phyllius
999 961 1060 1018 illic

442 1062 574 1138 Imperio
595 1061 682 1138 pueri
702 1061 904 1136 volucresque
926 1059 1083 1137 serumque
1105 1062 1225 1120 leonem

442 1163 628 1222 Tradiderat
649 1163 799 1236 domitos;
824 1169 943 1220 taumm
964 1178 1089 1238 quoque
1111 1163 1229 1221 vincere
1253 1162 1354 1221 iussus

442 1263 565 1322 Vicerat
586 1270 618 1320 et
640 1269 744 1336 spreto
767 1261 880 1319 totiens
901 1261 995 1318 iratus
1017 1279 1122 1320 amore

441 1363 578 1422 Praemia
598 1361 739 1438 poscenti
760 1369 881 1420 taurum
903 1377 1043 1437 suprema
1063 1352 1214 1436 negabat}

291 1467 367 1526 Ideo
390 1464 576 1524 Antoninum
598 1463 658 1522 boc
682 1461 744 1522 iere
765 1467 860 1525 modo
882 1480 946 1522 rem
968 1464 1120 1522 rettulisse
1135 1466 1285 1542 quispiam
1298 1465 1485 1541 suspicetur:

292 1562 308 1626 ὃ
329 1563 362 1627 δὲ
384 1560 493 1638 &uilloc
514 1611 521 1625 .
543 1609 550 1624 .
576 1610 582 1626 .
604 1559 699 1642 ἓττρον
719 1569 826 1645 ταῦρον
848 1613 855 1627 .
879 1612 885 1626 .
911 1609 918 1624 .
941 1560 1093 1643 ἀπήγαγεν
1117 1559 1183 1643 ἄχρι
1216 1563 1288 1644 πρὸς
1306 1563 1355 1624 τὸν
1374 1559 1486 1642 βωμόν.

291 1662 438 1746 Βοολήοτι
457 1661 488 1726 δὲ
508 1661 560 1726 τοῦ
581 1659 757 1744 Ἡρακλέους
781 1661 904 1746 ἠμέλησε
925 1669 980 1726 τῶν
1000 1662 1201 1745 ἐπιταγμάτων
1221 1671 1272 1727 τοῦ
1293 1663 1397 1738 παιδὸς
1415 1660 1487 1746 <triv

290 1772 397 1846 ταῦρον
417 1765 562 1840 αἰτοῦντος
581 1761 702 1847 δῶρον>.
749 1766 803 1852 Τῷ
824 1764 856 1828 δὲ
876 1763 985 1852 Κύκνῳ
1005 1768 1064 1829 κτλ.

390 1869 486 1928 Hiare
507 1869 548 1928 ibi
568 1869 739 1927 orationem
758 1869 819 1928 fine
834 1868 955 1928 iabulae
971 1868 1140 1928 confirmari
1156 1869 1282 1941 videtur,
1305 1871 1417 1948 quippe
1431 1870 1484 1947 qui

291 1971 365 2032 satis
386 1970 526 2046 fragosus
548 1977 580 2027 et
602 1987 726 2029 mancus
749 1969 796 2030 sit.
839 1970 937 2030 Recte
964 1970 989 2028 si
1011 1969 1137 2044 conieci,
1164 1971 1224 2030 hoc
1248 1971 1312 2030 fere
1334 1972 1428 2029 modo
1450 1971 1485 2029 il-

290 2074 350 2132 lum
368 2089 498 2130 necesse
513 2080 560 2130 est
575 2070 772 2146 suppleamus
787 2089 818 2148 p.
832 2087 901 2149 213,
914 2071 953 2130 28
965 2089 1031 2147 sqq.
1053 2069 1103 2130 καὶ
1119 2066 1247 2151 ἐγένοντο
1268 2072 1359 2156 βουλῇ
1377 2060 1486 2131 Ἀπόλ-

288 2175 378 2245 λωνος
397 2167 512 2249 ὄρνιθος
523 2165 660 2250 <κύκνοι>
673 2166 832 2251 ἀμφότεροι
851 2169 883 2232 ἒν
896 2166 968 2256 (τῇ)
982 2168 1077 2256 λίμνῃ.
1103 2161 1341 2250 inparatam»
1357 2168 1390 2233 δὲ
1405 2168 1483 2251 [καὶ]

290 2270 311 2353 ἡ
332 2269 421 2354 λίμνη
434 2266 572 2352 (Θορίη>
583 2263 797 2352 μετωνομάσθη
817 2272 867 2332 καὶ
879 2268 989 2354 ἐγένετο
1010 2272 1123 2353 nemeti,
1142 2274 1200 2332 κτλ.
1242 2273 1345 2333 Pauca
1362 2275 1484 2333 adicere

183 2373 187 2385 '
208 2373 211 2388 '
290 2383 429 2452 oportet:
454 2368 550 2433 κύκνοι
565 2373 716 2432 excidisse
730 2373 853 2431 videtur
867 2374 908 2432 ob
920 2365 1138 2450 ὁμοιοτέλεοτον,
1152 2373 1293 2432 nimirum
1306 2394 1325 2434 a
1340 2376 1486 2452 scriptore

137 2516 140 2524 -
227 2513 234 2536 ι
254 2514 259 2528 ·
290 2475 414 2552 quinon
428 2474 493 2533 sine
510 2473 668 2550 diligentia
680 2483 711 2534 et
725 2475 854 2534 verbose
869 2477 910 2534 de
922 2475 1093 2534 nominibus
1106 2476 1271 2534 bestiarum
1282 2493 1375 2551 agere
1386 2494 1483 2553 usque

289 2594 411 2652 quaque
430 2583 520 2646 amat,
535 2576 681 2634 omissum
702 2593 771 2635 esse
792 2594 900 2652 parum
922 2577 1078 2653 probabile
1101 2584 1162 2652 est;
1185 2577 1222 2637 ci.
1238 2596 1268 2653 p.
1283 2589 1353 2652 207,
1372 2590 1388 2652 7
1410 2573 1486 2649 Ζεὺς

290 2671 489 2755 ...ἐποίησιν
509 2663 616 2754 ὄρνιθα
637 2665 734 2736 αἰετόν
755 2673 820 2754 (ubi
843 2679 867 2736 F
869 2677 1022 2736 onteinius
1046 2678 1169 2754 ignarus
1191 2695 1263 2736 usus
1285 2677 1484 2737 Antoniniani

288 2795 380 2856 prave
411 2772 518 2856 doario
549 2777 614 2836 tolli
645 2771 764 2857 iussit);
798 2779 869 2850 216,
892 2795 926 2839 τι
965 2768 985 2858 ἦ
1013 2774 1045 2839 δὲ
1070 2774 1165 2857 αὐτὴν
1190 2774 1323 2857 ἐποίησεν
1352 2770 1484 2856 ὀρνίθιον

287 2879 419 2958 γλαῦκα;
453 2877 523 2949 218,
548 2895 583 2938 τι
617 2873 723 2958 ὄρνιθα
749 2875 863 2958 ἐποίησε
888 2875 937 2939 τὸν
964 2876 1056 2940 παῖδα
1079 2873 1212 2957 ἠέροιτον.
1255 2879 1363 2956 Neque
1385 2880 1482 2956 magis

288 2998 401 3039 novum
420 2981 504 3040 lacus
525 2997 638 3040 nomen
660 2983 772 3040 deesse
787 2981 896 3058 potuit,
919 2982 960 3039 de
982 2997 1044 3057 quo
1065 2981 1122 3040 nisi
1143 2981 1267 3039 aliunde
1290 2989 1447 3040 constaret
1458 2976 1482 3050 2,

287 3081 428 3158 proiecto
450 3081 589 3142 dubitare
610 3084 801 3142 deberemus.
839 3081 948 3158 ltaque
963 3082 1064 3140 lacum
1085 3081 1111 3140 si
1126 3081 1273 3158 prioribus
1295 3082 1482 3158 temporibus

155 3243 178 3271 w
287 3175 443 3259 Κωνώιιην
463 3175 517 3261 (cl.
531 3201 561 3260 p.
575 3198 643 3256 213,
661 3197 698 3256 25
720 3177 876 3259 κατέβαλεν
896 3176 1000 3243 ἑαυτὸν
1018 3179 1060 3254 οἷς
1080 3178 1134 3260 τὴν
1155 3176 1310 3260 Κωνώπην
1328 3175 1483 3261 λεγομένην

153 3306 156 3316 r
286 3276 402 3360 λίμνην)
424 3283 611 3359 appellatum
633 3292 704 3360 post
726 3283 857 3359 Tiryriae
879 3283 1034 3342 interitum
1055 3281 1200 3360 Thyriam
1220 3279 1481 3361 μετονομασθῆναι

182 3407 184 3417 ‚
221 3395 223 3402 ’
288 3391 466 3453 statuemus,
488 3403 507 3443 a
529 3402 601 3443 vero
623 3385 671 3443 vix
694 3384 901 3443 aberrabimus
914 3380 935 3445 ⁸.

385 3503 414 3562 p.
434 3501 555 3560 ²¹²r32
579 3487 706 3562 legimus
728 3484 777 3545 καὶ
800 3481 816 3546 ὃ
837 3481 910 3548 λέων
929 3481 988 3547 tui
1008 3487 1097 3564 λιμοῦ
1118 3489 1210 3569 τροφῇ
1231 3478 1317 3570 ταύτῃ
1336 3479 1483 3563 χρησάμε-

286 3603 341 3656 νος.
372 3585 452 3645 Ante
474 3591 565 3671 τροφῇ
587 3588 729 3648 articulus
751 3592 880 3650 omissus
907 3599 964 3661 est,
992 3609 1083 3669 quem
1103 3589 1275 3650 Antoninus
1298 3587 1382 3646 iuxta
1402 3568 1484 3656 οὗτος

286 3694 463 3747 constanter
484 3689 584 3765 ponit;
620 3709 661 3749 eu
690 3692 793 3750 omnia
819 3693 960 3769 exempla
987 3693 1019 3752 in
1042 3692 1151 3770 quibus
1179 3690 1284 3750 decies
1310 3704 1481 3764 pronomen

387 3901 398 3940 ¹
420 3903 532 3955 Ovidius
551 3920 612 3955 vero
635 3905 707 3971 quod
732 3905 857 3956 fabellam
880 3905 951 3957 haud
975 3922 1034 3957 cum
1055 3905 1206 3974 pulvisculo
1226 3919 1241 3954 e
1259 3905 1397 3955 Nicandro
1419 3901 1482 3954 hau·

287 3993 357 4060 serit,
376 4008 430 4042 nou
450 4001 490 4044 est
507 4009 552 4043 cnr
570 3993 701 4047 miremur.
737 3994 876 4060 Conspirat
895 4001 965 4045 certe
984 3995 1056 4062 quod
1075 4001 1153 4062 caput
1170 4002 1218 4055 est,
1245 3994 1274 4043 iu
1293 3993 1379 4042 tribus
1399 4000 1482 4042 certa·

286 4081 409 4142 minibus,
428 4095 495 4147 quae
512 4081 632 4148 Phyllius
651 4078 702 4150 (sic
722 4083 792 4148 apud
810 4081 960 4149 Ovidiuml)
980 4083 1069 4136 subiit.

384 4165 397 4205 θ
416 4169 527 4221 Ovidius
546 4170 563 4222 l.
583 4171 602 4221 l.
621 4170 703 4237 paulo
723 4170 798 4222 aliter

553 4258 734 4324 ‘urgeretur
753 4261 847 4326 Hyrie,
866 4261 959 4312 servati
977 4260 1074 4320 nescia,
1093 4260 1182 4311 flendo

554 4347 674 4398 Delieuit
692 4355 866 4416 stagnumque
885 4365 934 4400 suo
953 4349 986 4400 de
1004 4349 1111 4400 nomine
1132 4345 1217 4399 feeit’.

385 4431 397 4471 Β
414 4438 553 4488 Praeterea
573 4437 618 4487 καὶ
635 4437 748 4502 primum
770 4439 843 4504 qnod
862 4439 1020 4505 superfluum
1039 4445 1087 4498 est,
1115 4435 1241 4504 expunxi;
1265 4440 1291 4484 et
1309 4433 1418 4485 Galium
1437 4431 1480 4484 vel

285 4527 474 4578 Schneiderum
498 4533 602 4578 secutus
625 4526 653 4576 in
674 4523 772 4594 οέροτοῡ
794 4527 895 4576 correxi
918 4533 1061 4586 accentum,
1085 4525 1131 4592 qui
1152 4525 1179 4574 in
1199 4523 1291 4574 codice
1309 4521 1433 4572 Palatino
1452 4521 1480 4570 iu

285 4633 373 4667 rasura
391 4617 432 4668 vel
450 4616 533 4666 hodie
551 4615 696 4666 accuratius
714 4615 826 4665 intuenti
845 4631 922 4681 supra
941 4616 1048 4665 alteram
1067 4613 1197 4680 syllabam
1213 4611 1379 4678 perspicitur.
