3292 5342
681 361 887 423 ..45„.

186 536 282 594 verba
304 536 489 610 emendavit,
514 553 567 593 sex
590 535 681 595 libris.
724 534 853 592 Materia
881 540 983 590 autern
1009 535 1051 590 ita
1073 533 1222 609 disposita
1249 533 1313 610 fuit,
1348 544 1382 594 ut

185 637 377 712 Pamphilum
405 637 642 711 inspicientium·
657 636 821 692 commodo
852 652 1045 710 summopere
1071 635 1261 694 consuluisse
1288 639 1381 695 mani·

187 737 301 796 festum
323 740 371 816 sit,
401 747 432 794 ut
460 740 511 813 qui
539 737 646 794 herbas
670 737 840 793 secundum
862 736 999 793 ordinem
1021 717 1182 811 primarum
1206 739 1381 814 etquidem

188 839 279 896 trium
301 840 461 915 primarum
485 839 649 894 litterarum
672 837 833 912 digesserit
845 832 865 896 1.
920 836 1024 908 Quare
1046 837 1151 910 procul
1176 837 1271 894 dubio
1294 857 1382 913 prae-

187 941 291 998 sertim
314 940 423 1014 evenit,
451 947 484 996 ut
507 937 652 1012 Pamphili
682 937 747 994 libri
775 955 794 994 a
816 937 965 1011 plerisque
987 937 1167 1011 legerentur.
1212 937 1306 1010 Quod
1325 941 1383 996 nisi

186 1042 364 1118 accidisset,
399 1041 441 1096 ira
467 1039 577 1096 Galeni
600 1055 679 1096 vana
709 1037 879 1112 frustraque
906 1037 1037 1094 excitata
1067 1035 1152 1096 foret.
1201 1037 1238 1094 In
1259 1039 1383 1112 singulis

189 1149 293 1198 autern
321 1141 431 1216 plantis
457 1149 490 1198 ut
512 1139 555 1196 vir
579 1157 646 1196 vere
667 1139 882 1212 grammaticus
895 1133 917 1214 2,
953 1137 992 1194 sit
1021 1136 1107 1194 venia
1129 1139 1231 1208 verbe,
1262 1157 1384 1198 securus

188 1243 231 1300 de
260 1259 332 1298 vera
359 1241 521 1299 herbarum
553 1249 661 1299 natura
698 1257 820 1296 omnem
847 1245 991 1313 posuerat
1018 1235 1232 1312 diligentiaml
1264 1239 1384 1298 Galeno

187 1351 396 1418 contemptam
417 1343 447 1399 in
470 1342 625 1400 addendis
647 1341 885 1415 enarrandisque
911 1336 1108 1397 nominibus4
1130 1342 1385 1417 metamorphosi-

187 1446 246 1502 bus
269 1461 349 1518 quae
371 1444 413 1502 ad
435 1443 554 1518 plantas
576 1443 764 1518 pertinerent
777 1437 798 1516 ⁵,
826 1441 1084 1498 incantationibus
1108 1441 1298 1500 sacrificiisve
1320 1445 1384 1519 qui·

189 1545 246 1602 bus
270 1544 472 1619 superstitiosi
492 1543 631 1600 homines
652 1541 831 1616 colligentes
854 1541 964 1598 herbas
988 1548 1152 1600 uterentur.
1191 1540 1386 1600 Continuisse
1492 1604 1493 1618 η

187 1654 294 1704 autem
317 1663 351 1702 se
373 1645 445 1703 solis
466 1644 565 1701 herbis
588 1643 760 1718 Pamphilus
783 1637 937 1700 videturl.
982 1641 1172 1698 Revertimur
1194 1643 1234 1700 ad
1258 1644 1386 1703 Antoni·

188 1765 272 1806 num.
312 1745 399 1818 Quid
419 1745 512 1802 Batto
535 1763 604 1802 cum
627 1739 746 1802 herbis?
772 1743 910 1817 Longius
927 1741 1077 1816 ¹progredi
1102 1742 1180 1802 licet.
1215 1743 1291 1801 Fere
1313 1761 1386 1802 nus-

189 1843 308 1922 quam⁷
331 1847 414 1922 apud
425 1846 613 1904 Antoninum
636 1847 676 1902 de
699 1845 822 1920 plantae
845 1842 1082 1918 metamorphosi
1104 1860 1203 1900 sermo
1219 1853 1275 1905 est.
1304 1844 1385 1903 Con·

191 1951 269 2008 verti
301 1949 436 2008 assolent
469 1947 608 2004 homines
639 1947 670 2003 in
702 1947 779 2003 deos
812 1945 926 2003 bestias
958 1943 1084 2019 lapides,
1134 1945 1263 2003 Accedit
1294 1947 1386 2008 aliud.

188 2051 303 2109 Nonne
317 2051 389 2109 satis
405 2049 539 2106 notabile
561 2056 608 2106 est
630 2067 648 2106 a
670 2047 834 2105 scholiasta
857 2047 974 2104 titulum
997 2047 1097 2121 operis
1116 2045 1273 2122 Pamphilii
1294 2050 1386 2124 plane

189 2153 337 2210 omissum
359 2168 437 2224 esse,
461 2150 600 2208 additum
622 2148 686 2206 libri
705 2147 866 2224 peculiaris
888 2165 1044 2205 numerum
1066 2139 1118 2219 (ῶς
1138 2165 1205 2225 φησι
1229 2145 1388 2229 Πάμφιλος

189 2249 223 2310 ἒν
238 2246 304 2330 a')?
329 2251 366 2308 Id
381 2253 467 2327 quod
482 2270 500 2308 a
515 2250 696 2308 scholiastae
718 2249 943 2308 consuetudine
961 2249 1105 2306 abhorret
1127 2267 1227 2326 neque
1249 2250 1387 2308 eiusdem

190 2354 278 2411 modi
303 2353 363 2429 legi
394 2351 568 2410 testimonia
591 2352 647 2409 nisi
669 2352 710 2410 ad
734 2350 887 2410 Parthenii
913 2349 974 2408 fab.
1002 2363 1036 2421 15
1069 2343 1089 2426 ἦ
1112 2341 1223 2426 ἱστορία
1245 2348 1385 2430 παρῶ..

193 2449 340 2536 Φυλάρχῳ
362 2448 394 2511 ἐν
414 2447 447 2512 ιε’
468 2461 498 2509 et
514 2451 572 2512 lab.
586 2467 623 2526 33
648 2445 770 2527 intonsi.
784 2495 791 2508 .
804 2496 811 2510 .
824 2445 961 2528 Νεάνθης
977 2446 1016 2526 β.
1049 2450 1095 2507 Ibi
1116 2450 1258 2510 libroruin
1282 2453 1386 2511 titulus

189 2653 302 2704 beclrius
320 2652 507 2718 (Aglaopham.
521 2669 547 2718 p.
559 2650 620 2718 610)
640 2652 668 2700 in
687 2648 715 2708 ἓξ
734 2650 842 2720 ἔγραψε
861 2653 950 2718 βιβλία
963 2652 1083 2712 correxit,
1097 2653 1195 2720 quibus
1208 2655 1307 2720 optime
1325 2661 1387 2704 tunc

192 2748 362 2808 opponuntur
380 2758 404 2793 v.
422 2753 447 2806 7.
472 2737 487 2792 ri
508 2739 538 2792 δὲ
557 2739 755 2808 Διοσκουρίδης
772 2739 802 2792 έν
822 2742 904 2792 πέντε
922 2741 1034 2806 βιβλίοις
1053 2736 1100 2806 τὴν
1115 2735 1257 2811 χρήσιμον
1275 2736 1388 2794 ἅπασαν

190 2824 258 2894 ὕλην
275 2829 401 2899 ἔγραψεν
420 2830 474 2880 κτλ.
655 2841 670 2880 0

291 2915 303 2954 ¹
321 2921 382 2968 Hae
401 2919 468 2968 enirn
488 2919 556 2984 apud
575 2917 742 2982 Pamphilum
767 2932 827 2966 sese
847 2917 1012 2984 excipiebant
1031 2918 1129 2968 herbae
1149 2916 1192 2986 (cr.
1213 2917 1308 2968 Galeni
1325 2917 1344 2970 l.
1364 2935 1386 2970 c.

191 3023 219 3073 p.
240 3006 315 3074 797):
345 2999 496 3074 ἆβρότονον
522 3006 613 3068 (immo
632 2999 794 3072 ἁβρότονον;
827 3005 860 3056 cs.
880 3005 1037 3055 Schneideri
1067 3007 1100 3056 ad
1123 3006 1183 3057 Nic.
1203 3005 1282 3058 Ther.
1310 3023 1333 3058 v.
1353 3018 1385 3066 92

193 3093 303 3162 annot),
321 3085 413 3161 δ’γνος,
431 3086 573 3161 ἄγρωστις,
592 3084 726 3162 ἄρχουσα,
744 3091 886 3160 α’δίαντον,
904 3088 984 3144 ἀετοῦ
1002 3087 1111 3160 βοτάνη.

292 3179 305 3217 2
322 3199 349 3248 p.
369 3195 428 3247 793,
447 3193 476 3246 15
503 3174 655 3251 Πάμφιλος
673 3178 688 3232 ὁ
707 3177 739 3232 τὰ
760 3183 821 3249 περὶ
840 3181 894 3234 τῶν
913 3180 1037 3248 βοτανῶν
1056 3184 1166 3240 συνθεὶς
1185 3175 1297 3247 εὔδηλός
1315 3181 1389 3236 ἔστιν

191 3266 243 3328 κάξ
259 3265 349 3323 αὐτῶν
367 3261 404 3322 ὧν
421 3263 522 3340 γράφει
542 3265 733 3340 γραμματικὸς
751 3262 797 3322 ῶν.

294 3353 405 3423 erja’
425 3354 550 3426 ἑωρακὼς
572 3355 618 3416 τὰς
635 3351 750 3425 βοτάνας
776 3355 845 3428 ὑπὲρ
874 3351 912 3412 ὧν
930 3358 1059 3428 διηγεῖται
1086 3353 1155 3428 μήτε
1173 3359 1227 3425 ’τῆς
1246 3353 1388 3430 δυνάμεως

192 3445 281 3500 αὐτῶν
300 3450 509 3516 πεπειραμένος,
529 3441 596 3498 ἀλλὰ
619 3451 674 3504 τοῖς
693 3444 746 3514 πρὸ
766 3438 846 3498 αὑτοῦ
863 3441 1037 3517 γεγραφόσιν
1055 3441 1160 3500 ἅπασιν
1183 3441 1248 3501 ἄνευ
1265 3443 1388 3515 βασάνου

194 3527 391 3591 πεπιστευκώς.
656 3549 657 3554 ’

294 3620 307 3657 4
324 3622 438 3688 Πλῆθος
456 3615 599 3692 ὀνομάτων
619 3621 665 3693 ἐφ’
684 3616 782 3695 ἑκάστη
800 3618 899 3694 βοτάνη
918 3617 1008 3693 μάτην
1026 3628 1185 3692 προςτιθείς.

296 3709 308 3744 ⁵
326 3711 451 3774 Urgenda
470 3711 539 3762 enim
560 3719 620 3762 sunt
638 3712 718 3762 verba
737 3711 789 3763 εἶδ’
808 3710 867 3776 ἑξῆς
884 3715 912 3764 εἴ
926 3729 965 3768 τις
982 3708 1069 3764 αὐτῶν
1088 3712 1136 3780 (sc.
1147 3711 1281 3779 βοτανῶν)
1301 3712 1329 3771 ἐξ
1345 3729 1390 3766 αν-

195 3793 311 3868 θρώπου
328 3792 535 3870 μετεμορφώθη
554 3792 745 3869 διηγούμενος
765 3801 839 3851 deest
857 3801 936 3864 igitur
955 3817 1005 3866 qua
1023 3801 1165 3851 cuiuslibet
1183 3803 1285 3864 generis
1308 3809 1389 3851 meta-

197 3891 353 3957 morphoses
369 3891 407 3940 ibi
425 3899 546 3942 tractatas
565 3908 624 3942 esse
643 3893 804 3943 coniciamus
824 3893 991 3956 significatio

296 3975 308 4012 ⁰
326 3982 386 4030 Hoc
410 3981 479 4031 enim
503 3981 600 4044 colligo
620 3998 635 4032 e
653 3982 740 4032 verbis
765 3978 780 4033 ὁ
806 3980 837 4033 δὲ
861 3979 1059 4049 Διοσκουρίδης
1081 3978 1111 4031 έν
1130 3980 1212 4030 πέντε
1229 3979 1343 4045 βιβλίοις
1360 3975 1392 4030 οδ
1461 4011 1466 4020 ·

198 4051 321 4134 βοτανῶν
338 4061 429 4137 μόνον
447 4067 495 4136 (sc.
516 4064 552 4126 ῶς
563 4062 726 4140 Πάμφιλος)
745 4065 811 4120 ἀλλὰ
830 4071 876 4120 καὶ
893 4067 1017 4137 δένδρων
1035 4069 1080 4118 καὶ
1098 4065 1212 4134 καρπῶν
1230 4067 1284 4120 κτλ.
1310 4067 1390 4132 Quod

200 4157 222 4205 si
240 4171 328 4206 verum
348 4163 388 4206 est
407 4185 440 4194 —
459 4173 545 4222 neque
564 4157 620 4208 ulla
642 4159 669 4208 in
688 4157 777 4208 herbis
801 4165 828 4208 et
845 4157 941 4224 plantis
961 4157 1056 4208 exinde
1075 4155 1232 4206 enumeratis
1251 4156 1329 4206 arbor
1352 4171 1390 4206 re·

195 4245 295 4311 peritur
315 4272 347 4281 -
367 4245 442 4294 nulla
460 4246 568 4296 omnino
587 4247 715 4296 Antonini
734 4247 845 4296 narratio
864 4246 916 4296 huc
935 4246 1004 4298 iacit.

297 4329 308 4366 ⁷
326 4334 368 4382 De
386 4333 507 4382 arborum
526 4335 714 4384 mutationibus
736 4335 821 4398 agitur
843 4335 913 4401 apud
931 4333 1097 4384 Antoninum
1125 4331 1198 4384 sabb.
1219 4342 1261 4394 31,
1278 4343 1322 4394 32,
1341 4343 1389 4396 37;

198 4421 312 4484 tangitur
330 4420 407 4470 huius
426 4422 499 4470 modi
514 4423 734 4488 metamorphosis
752 4439 777 4488 p.
797 4435 857 4482 222,
882 4435 909 4472 11
931 4423 958 4471 in
976 4422 1029 4472 fab.
1049 4433 1091 4470 22.
1127 4420 1210 4484 Apud
1223 4419 1390 4469 Parthenium

197 4508 250 4560 sab.
265 4521 295 4575 15
316 4508 349 4559 de
362 4509 475 4575 Daphne
493 4511 582 4574 agitur.
619 4511 717 4560 Nonne
735 4525 798 4560 vero
810 4511 903 4560 mirum
917 4511 987 4576 quod
1005 4509 1039 4558 ad
1051 4508 1211 4558 notissimam
1231 4508 1265 4557 de
1281 4508 1390 4573 Smyrna

197 4599 371 4647 narrationem
390 4599 522 4649 Antonini
539 4599 600 4662 (sab.
619 4597 666 4665 34]
685 4598 754 4648 illud
774 4582 790 4649 ὅ
807 4599 824 4648 i.
845 4615 866 4651 e.
888 4594 968 4650 οὐδέν
991 4598 1107 4648 additum
1135 4603 1185 4648 est:
1215 4595 1284 4646 ‘non
1307 4603 1392 4646 exstat

198 4685 405 4736 testimonium’?
